@inproceedings{fdtc2008flrv,
  title={{Fault attack on elliptic curve Montgomery ladder implementation}},
  author={Fouque, Pierre-Alain and Lercier, Reynald and R{\'e}al, Denis and Valette, Fr{\'e}d{\'e}ric},
  booktitle={Fault Diagnosis and Tolerance in Cryptography, 2008. FDTC'08. 5th Workshop on},
  pages={92--98},
  year={2008},
  organization={IEEE}
}
@incollection{pkc2003goubin,
  title={{A refined power-analysis attack on elliptic curve cryptosystems}},
  author={Goubin, Louis},
  booktitle={Public key cryptography—PKC 2003},
  pages={199--211},
  year={2002},
  publisher={Springer}
}
@article{cras1990louboutin,
  title={{Minorations (sous l’hypoth{\`e}se de Riemann g{\'e}n{\'e}ralis{\'e}e) des nombres de classes des corps quadratiques imaginaires. Application}},
  author={Louboutin, St{\'e}phane},
  journal={CR Acad. Sci. Paris S{\'e}r. I Math.},
  volume={310},
  number={12},
  pages={795--800},
  year={1990}
}
@article{jis2014cdkd,
  title={{On the Powerful and Squarefree Parts of an Integer}},
  author={Cloutier, Maurice-{\'E}tienne and De Koninck, Jean-Marie and Doyon, Nicolas},
  journal={Journal of Integer Sequences},
  volume={17},
  number={2},
  pages={3},
  year={2014}
}
@article{lms2000gm,
  title={{The probability that the number of points on an elliptic curve over a finite field is prime}},
  author={Galbraith, Steven D and McKee, James},
  journal={Journal of the London Mathematical Society},
  volume={62},
  number={03},
  pages={671--684},
  year={2000},
  publisher={Cambridge Univ Press}
}
@book{cox1989primes,
  title={{Primes of the form $x^2+ n y^2$: Fermat, class field, and complex multiplication}},
  author={Cox, David A},
  year={1989},
  publisher={John Wiley \& Sons, Inc}
}
@inproceedings{eprint2004jmv,
  title={{Ramanujan graphs and the random reducibility of discrete log on isogenous elliptic curves}},
  author={Jao, David and Miller, Stephen D and Venkatesan, Ramarathnam},
  booktitle={IACR CRYPTOLOGY EPRINT ARCHIVE 2004/312},
  year={2004},
  url={http://eprint.iacr.org/2004/312}
}
@article{jnt1983cep,
  title={{On a problem of Oppenheim concerning “factorisatio numerorum”}},
  author={Canfield, E Rodney and Erd{\"o}s, Paul and Pomerance, Carl},
  journal={Journal of Number Theory},
  volume={17},
  number={1},
  pages={1--28},
  year={1983},
  publisher={Elsevier}
}
@techreport{ieeep1363,
  title={{Standard specifications for Public Key Cryptography}},
  year={2000},
  author={P1363},
  institution={IEEE},
}
@article{ams2007edwards,
  title={{A normal form for elliptic curves}},
  author={Edwards, Harold},
  journal={Bulletin of the American Mathematical Society},
  volume={44},
  number={3},
  pages={393--422},
  year={2007}
}
@incollection{asia2007bl,
  title={{Faster addition and doubling on elliptic curves}},
  author={Bernstein, Daniel J and Lange, Tanja},
  booktitle={Advances in cryptology--ASIACRYPT 2007},
  pages={29--50},
  year={2007},
  publisher={Springer}
}
@incollection{africa2008bbjl,
  title={{Twisted Edwards curves}},
  author={Bernstein, Daniel J and Birkner, Peter and Joye, Marc and Lange, Tanja and Peters, Christiane},
  booktitle={Progress in Cryptology--AFRICACRYPT 2008},
  pages={389--405},
  year={2008},
  publisher={Springer}
}
@incollection{asia2008hwcd,
  title={{Twisted Edwards curves revisited}},
  author={Hisil, Huseyin and Wong, Kenneth Koon-Ho and Carter, Gary and Dawson, Ed},
  booktitle={Advances in Cryptology-ASIACRYPT 2008},
  pages={326--343},
  year={2008},
  publisher={Springer}
}
@incollection{aaaaec2003bj,
  title={The Jacobi model of an elliptic curve and side-channel analysis},
  author={Billet, Olivier and Joye, Marc},
  booktitle={Applied Algebra, Algebraic Algorithms and Error-Correcting Codes},
  pages={34--42},
  year={2003},
  url={http://link.springer.com/chapter/10.1007/3-540-44828-4_5},
  publisher={Springer}
}
@inproceedings{pkc2000oks,
  title={{Elliptic curves with the Montgomery-form and their cryptographic applications}},
  author={Okeya, Katsuyuki and Kurumatani, Hiroyuki and Sakurai, Kouichi},
  booktitle={Public Key Cryptography},
  pages={238--257},
  year={2000},
  url={http://link.springer.com/chapter/10.1007/978-3-540-46588-1_17},
  organization={Springer}
}
@article{mathcomp1987montgomery,
  title={{Speeding the Pollard and elliptic curve methods of factorization}},
  author={Montgomery, Peter L},
  journal={Mathematics of computation},
  volume={48},
  number={177},
  pages={243--264},
  url={http://www.ams.org/mcom/1987-48-177/S0025-5718-1987-0866113-7/S0025-5718-1987-0866113-7.pdf},
  year={1987}
}
@article{mathcomp1985schoof,
  title={{Elliptic curves over finite fields and the computation of square
  roots mod p}},
  author={Schoof, Ren{\'e}},
  journal={Mathematics of computation},
  volume={44},
  number={170},
  pages={483--494},
  url={http://www.ams.org/mcom/1985-44-170/S0025-5718-1985-0777280-6/S0025-5718-1985-0777280-6.pdf},
  year={1985}
}
@article{jtnb1995schoof,
  title={{Counting points on elliptic curves over finite fields}},
  author={Schoof, Ren{\'e} and Schoof, Par Ren E},
  journal={Journal de th{'e}orie des nombres de Bordeaux},
  volume={1},
  number={7},
  pages={219--254},
  url={http://www.emath.fr/Maths/Jtnb/SAUVE/almira.math.u-bordeaux.fr/jtnb/1995-1/schoof.ps},
  year={1995}
}

