@inproceedings{DBLP:conf/focs/Adleman80,
  author    = {Leonard M. Adleman},
  title     = {On Distinguishing Prime Numbers from Composite Numbers (Abstract)},
  booktitle = {21st Annual Symposium on Foundations of Computer Science, Syracuse,
               New York, USA, 13-15 October 1980},
  pages     = {387--406},
  year      = {1980},
  crossref  = {DBLP:conf/focs/FOCS21},
  url       = {http://dx.doi.org/10.1109/SFCS.1980.28},
  doi       = {10.1109/SFCS.1980.28},
  timestamp = {Tue, 16 Dec 2014 09:57:19 +0100},
  biburl    = {http://dblp.uni-trier.de/rec/bib/conf/focs/Adleman80},
  bibsource = {dblp computer science bibliography, http://dblp.org}
}

@proceedings{DBLP:conf/focs/FOCS21,
  title     = {21st Annual Symposium on Foundations of Computer Science, Syracuse,
               New York, USA, 13-15 October 1980},
  publisher = {{IEEE} Computer Society},
  year      = {1980},
  url       = {http://ieeexplore.ieee.org/xpl/mostRecentIssue.jsp?punumber=4567793},
  timestamp = {Mon, 15 Dec 2014 18:48:44 +0100},
  biburl    = {http://dblp.uni-trier.de/rec/bib/conf/focs/FOCS21},
  bibsource = {dblp computer science bibliography, http://dblp.org}
}

