@article{DBLP:journals/iacr/AranhaBGR13,
  author    = {Diego F. Aranha and
               Paulo S. L. M. Barreto and
               C. C. F. Pereira Geovandro and
               Jefferson E. Ricardini},
  title     = {A note on high-security general-purpose elliptic curves},
  journal   = {{IACR} Cryptology ePrint Archive},
  volume    = {2013},
  pages     = {647},
  year      = {2013},
  url       = {http://eprint.iacr.org/2013/647},
  timestamp = {Sun, 20 Oct 2013 17:30:41 +0200},
  biburl    = {http://dblp.uni-trier.de/rec/bib/journals/iacr/AranhaBGR13},
  bibsource = {dblp computer science bibliography, http://dblp.org}
}

