@article{DBLP:journals/joc/BalasubramanianK98,
  author    = {R. Balasubramanian and
               Neal Koblitz},
  title     = {The Improbability That an Elliptic Curve Has Subexponential Discrete
               Log Problem under the Menezes - Okamoto - Vanstone Algorithm},
  journal   = {J. Cryptology},
  volume    = {11},
  number    = {2},
  pages     = {141--145},
  year      = {1998},
  url       = {http://dx.doi.org/10.1007/s001459900040},
  doi       = {10.1007/s001459900040},
  timestamp = {Tue, 24 May 2011 14:18:05 +0200},
  biburl    = {http://dblp.uni-trier.de/rec/bib/journals/joc/BalasubramanianK98},
  bibsource = {dblp computer science bibliography, http://dblp.org}
}

