@inproceedings{DBLP:conf/eurocrypt/BarbulescuGJT14,
  author    = {Razvan Barbulescu and
               Pierrick Gaudry and
               Antoine Joux and
               Emmanuel Thom{\'{e}}},
  title     = {A Heuristic Quasi-Polynomial Algorithm for Discrete Logarithm in Finite
               Fields of Small Characteristic},
  booktitle = {Advances in Cryptology - {EUROCRYPT} 2014 - 33rd Annual International
               Conference on the Theory and Applications of Cryptographic Techniques,
               Copenhagen, Denmark, May 11-15, 2014. Proceedings},
  pages     = {1--16},
  year      = {2014},
  crossref  = {DBLP:conf/eurocrypt/2014},
  url       = {http://dx.doi.org/10.1007/978-3-642-55220-5_1},
  doi       = {10.1007/978-3-642-55220-5_1},
  timestamp = {Fri, 02 May 2014 13:38:39 +0200},
  biburl    = {http://dblp.uni-trier.de/rec/bib/conf/eurocrypt/BarbulescuGJT14},
  bibsource = {dblp computer science bibliography, http://dblp.org}
}

@proceedings{DBLP:conf/eurocrypt/2014,
  editor    = {Phong Q. Nguyen and
               Elisabeth Oswald},
  title     = {Advances in Cryptology - {EUROCRYPT} 2014 - 33rd Annual International
               Conference on the Theory and Applications of Cryptographic Techniques,
               Copenhagen, Denmark, May 11-15, 2014. Proceedings},
  series    = {Lecture Notes in Computer Science},
  volume    = {8441},
  publisher = {Springer},
  year      = {2014},
  url       = {http://dx.doi.org/10.1007/978-3-642-55220-5},
  doi       = {10.1007/978-3-642-55220-5},
  isbn      = {978-3-642-55219-9},
  timestamp = {Fri, 02 May 2014 13:36:39 +0200},
  biburl    = {http://dblp.uni-trier.de/rec/bib/conf/eurocrypt/2014},
  bibsource = {dblp computer science bibliography, http://dblp.org}
}

