@inproceedings{DBLP:conf/ches/BengerPSY14,
  author    = {Naomi Benger and
               Joop van de Pol and
               Nigel P. Smart and
               Yuval Yarom},
  title     = {"Ooh Aah... Just a Little Bit" : {A} Small Amount of Side Channel
               Can Go a Long Way},
  booktitle = {Cryptographic Hardware and Embedded Systems - {CHES} 2014 - 16th International
               Workshop, Busan, South Korea, September 23-26, 2014. Proceedings},
  pages     = {75--92},
  year      = {2014},
  crossref  = {DBLP:conf/ches/2014},
  url       = {http://dx.doi.org/10.1007/978-3-662-44709-3_5},
  doi       = {10.1007/978-3-662-44709-3_5},
  timestamp = {Mon, 15 Sep 2014 12:09:43 +0200},
  biburl    = {http://dblp.uni-trier.de/rec/bib/conf/ches/BengerPSY14},
  bibsource = {dblp computer science bibliography, http://dblp.org}
}

@proceedings{DBLP:conf/ches/2014,
  editor    = {Lejla Batina and
               Matthew Robshaw},
  title     = {Cryptographic Hardware and Embedded Systems - {CHES} 2014 - 16th International
               Workshop, Busan, South Korea, September 23-26, 2014. Proceedings},
  series    = {Lecture Notes in Computer Science},
  volume    = {8731},
  publisher = {Springer},
  year      = {2014},
  url       = {http://dx.doi.org/10.1007/978-3-662-44709-3},
  doi       = {10.1007/978-3-662-44709-3},
  isbn      = {978-3-662-44708-6},
  timestamp = {Mon, 15 Sep 2014 12:07:25 +0200},
  biburl    = {http://dblp.uni-trier.de/rec/bib/conf/ches/2014},
  bibsource = {dblp computer science bibliography, http://dblp.org}
}

