@inproceedings{DBLP:conf/pkc/Bernstein06,
  author    = {Daniel J. Bernstein},
  title     = {Curve25519: New Diffie-Hellman Speed Records},
  booktitle = {Public Key Cryptography - {PKC} 2006, 9th International Conference
               on Theory and Practice of Public-Key Cryptography, New York, NY, USA,
               April 24-26, 2006, Proceedings},
  pages     = {207--228},
  year      = {2006},
  crossref  = {DBLP:conf/pkc/2006},
  url       = {http://dx.doi.org/10.1007/11745853_14},
  doi       = {10.1007/11745853_14},
  timestamp = {Thu, 20 Apr 2006 08:44:22 +0200},
  biburl    = {http://dblp.uni-trier.de/rec/bib/conf/pkc/Bernstein06},
  bibsource = {dblp computer science bibliography, http://dblp.org}
}

@proceedings{DBLP:conf/pkc/2006,
  editor    = {Moti Yung and
               Yevgeniy Dodis and
               Aggelos Kiayias and
               Tal Malkin},
  title     = {Public Key Cryptography - {PKC} 2006, 9th International Conference
               on Theory and Practice of Public-Key Cryptography, New York, NY, USA,
               April 24-26, 2006, Proceedings},
  series    = {Lecture Notes in Computer Science},
  volume    = {3958},
  publisher = {Springer},
  year      = {2006},
  isbn      = {3-540-33851-9},
  timestamp = {Thu, 20 Apr 2006 08:44:22 +0200},
  biburl    = {http://dblp.uni-trier.de/rec/bib/conf/pkc/2006},
  bibsource = {dblp computer science bibliography, http://dblp.org}
}

