@inproceedings{DBLP:conf/africacrypt/BernsteinBJLP08,
  author    = {Daniel J. Bernstein and
               Peter Birkner and
               Marc Joye and
               Tanja Lange and
               Christiane Peters},
  title     = {Twisted Edwards Curves},
  booktitle = {Progress in Cryptology - {AFRICACRYPT} 2008, First International Conference
               on Cryptology in Africa, Casablanca, Morocco, June 11-14, 2008. Proceedings},
  pages     = {389--405},
  year      = {2008},
  crossref  = {DBLP:conf/africacrypt/2008},
  url       = {http://dx.doi.org/10.1007/978-3-540-68164-9_26},
  doi       = {10.1007/978-3-540-68164-9_26},
  timestamp = {Mon, 09 Jun 2008 14:15:37 +0200},
  biburl    = {http://dblp.uni-trier.de/rec/bib/conf/africacrypt/BernsteinBJLP08},
  bibsource = {dblp computer science bibliography, http://dblp.org}
}

@proceedings{DBLP:conf/africacrypt/2008,
  editor    = {Serge Vaudenay},
  title     = {Progress in Cryptology - {AFRICACRYPT} 2008, First International Conference
               on Cryptology in Africa, Casablanca, Morocco, June 11-14, 2008. Proceedings},
  series    = {Lecture Notes in Computer Science},
  volume    = {5023},
  publisher = {Springer},
  year      = {2008},
  isbn      = {978-3-540-68159-5},
  timestamp = {Mon, 09 Jun 2008 14:14:56 +0200},
  biburl    = {http://dblp.uni-trier.de/rec/bib/conf/africacrypt/2008},
  bibsource = {dblp computer science bibliography, http://dblp.org}
}

