@article{DBLP:journals/amco/Biasse10,
  author    = {Jean{-}Fran{\c{c}}ois Biasse},
  title     = {Improvements in the computation of ideal class groups of imaginary
               quadratic number fields},
  journal   = {Adv. in Math. of Comm.},
  volume    = {4},
  number    = {2},
  pages     = {141--154},
  year      = {2010},
  url       = {http://dx.doi.org/10.3934/amc.2010.4.141},
  doi       = {10.3934/amc.2010.4.141},
  timestamp = {Tue, 29 Oct 2013 17:58:36 +0100},
  biburl    = {http://dblp.uni-trier.de/rec/bib/journals/amco/Biasse10},
  bibsource = {dblp computer science bibliography, http://dblp.org}
}

