@inproceedings{DBLP:conf/aaecc/BilletJ03,
  author    = {Olivier Billet and
               Marc Joye},
  title     = {The Jacobi Model of an Elliptic Curve and Side-Channel Analysis},
  booktitle = {Applied Algebra, Algebraic Algorithms and Error-Correcting Codes,
               15th International Symposium, AAECC-15, Toulouse, France, May 12-16,
               2003, Proceedings},
  pages     = {34--42},
  year      = {2003},
  crossref  = {DBLP:conf/aaecc/2003},
  url       = {http://dx.doi.org/10.1007/3-540-44828-4_5},
  doi       = {10.1007/3-540-44828-4_5},
  timestamp = {Sun, 20 Sep 2009 19:09:13 +0200},
  biburl    = {http://dblp.uni-trier.de/rec/bib/conf/aaecc/BilletJ03},
  bibsource = {dblp computer science bibliography, http://dblp.org}
}

@proceedings{DBLP:conf/aaecc/2003,
  editor    = {Marc P. C. Fossorier and
               Tom H{\o}holdt and
               Alain Poli},
  title     = {Applied Algebra, Algebraic Algorithms and Error-Correcting Codes,
               15th International Symposium, AAECC-15, Toulouse, France, May 12-16,
               2003, Proceedings},
  series    = {Lecture Notes in Computer Science},
  volume    = {2643},
  publisher = {Springer},
  year      = {2003},
  isbn      = {3-540-40111-3},
  timestamp = {Wed, 07 May 2003 15:22:35 +0200},
  biburl    = {http://dblp.uni-trier.de/rec/bib/conf/aaecc/2003},
  bibsource = {dblp computer science bibliography, http://dblp.org}
}

