@article{DBLP:journals/jmc/Bisson12,
  author    = {Gaetan Bisson},
  title     = {Computing endomorphism rings of elliptic curves under the {GRH}},
  journal   = {J. Mathematical Cryptology},
  volume    = {5},
  number    = {2},
  pages     = {101--114},
  year      = {2012},
  url       = {http://dx.doi.org/10.1515/jmc.2011.008},
  doi       = {10.1515/jmc.2011.008},
  timestamp = {Tue, 08 Jan 2013 19:28:31 +0100},
  biburl    = {http://dblp.uni-trier.de/rec/bib/journals/jmc/Bisson12},
  bibsource = {dblp computer science bibliography, http://dblp.org}
}

