@article{DBLP:journals/siamcomp/BonehF03,
  author    = {Dan Boneh and
               Matthew K. Franklin},
  title     = {Identity-Based Encryption from the Weil Pairing},
  journal   = {{SIAM} J. Comput.},
  volume    = {32},
  number    = {3},
  pages     = {586--615},
  year      = {2003},
  url       = {http://dx.doi.org/10.1137/S0097539701398521},
  doi       = {10.1137/S0097539701398521},
  timestamp = {Mon, 12 Sep 2011 16:10:09 +0200},
  biburl    = {http://dblp.uni-trier.de/rec/bib/journals/siamcomp/BonehF03},
  bibsource = {dblp computer science bibliography, http://dblp.org}
}

