@article{DBLP:journals/joc/BonehLS04,
  author    = {Dan Boneh and
               Ben Lynn and
               Hovav Shacham},
  title     = {Short Signatures from the Weil Pairing},
  journal   = {J. Cryptology},
  volume    = {17},
  number    = {4},
  pages     = {297--319},
  year      = {2004},
  url       = {http://dx.doi.org/10.1007/s00145-004-0314-9},
  doi       = {10.1007/s00145-004-0314-9},
  timestamp = {Mon, 11 Oct 2004 15:42:04 +0200},
  biburl    = {http://dblp.uni-trier.de/rec/bib/journals/joc/BonehLS04},
  bibsource = {dblp computer science bibliography, http://dblp.org}
}

