@article{DBLP:journals/iacr/BosCLN14,
  author    = {Joppe W. Bos and
               Craig Costello and
               Patrick Longa and
               Michael Naehrig},
  title     = {Selecting Elliptic Curves for Cryptography: An Efficiency and Security
               Analysis},
  journal   = {{IACR} Cryptology ePrint Archive},
  volume    = {2014},
  pages     = {130},
  year      = {2014},
  url       = {http://eprint.iacr.org/2014/130},
  timestamp = {Wed, 26 Feb 2014 15:44:48 +0100},
  biburl    = {http://dblp.uni-trier.de/rec/bib/journals/iacr/BosCLN14},
  bibsource = {dblp computer science bibliography, http://dblp.org}
}

