@inproceedings{DBLP:conf/ches/DupuyK05,
  author    = {William Dupuy and
               S{\'{e}}bastien Kunz{-}Jacques},
  title     = {Resistance of Randomized Projective Coordinates Against Power Analysis},
  booktitle = {Cryptographic Hardware and Embedded Systems - {CHES} 2005, 7th International
               Workshop, Edinburgh, UK, August 29 - September 1, 2005, Proceedings},
  pages     = {1--14},
  year      = {2005},
  crossref  = {DBLP:conf/ches/2005},
  url       = {http://dx.doi.org/10.1007/11545262_1},
  doi       = {10.1007/11545262_1},
  timestamp = {Wed, 21 Sep 2005 15:43:48 +0200},
  biburl    = {http://dblp.uni-trier.de/rec/bib/conf/ches/DupuyK05},
  bibsource = {dblp computer science bibliography, http://dblp.org}
}

@proceedings{DBLP:conf/ches/2005,
  editor    = {Josyula R. Rao and
               Berk Sunar},
  title     = {Cryptographic Hardware and Embedded Systems - {CHES} 2005, 7th International
               Workshop, Edinburgh, UK, August 29 - September 1, 2005, Proceedings},
  series    = {Lecture Notes in Computer Science},
  volume    = {3659},
  publisher = {Springer},
  year      = {2005},
  isbn      = {3-540-28474-5},
  timestamp = {Wed, 21 Sep 2005 15:43:48 +0200},
  biburl    = {http://dblp.uni-trier.de/rec/bib/conf/ches/2005},
  bibsource = {dblp computer science bibliography, http://dblp.org}
}

