@inproceedings{DBLP:conf/asiacrypt/DuursmaGM99,
  author    = {Iwan M. Duursma and
               Pierrick Gaudry and
               Fran{\c{c}}ois Morain},
  title     = {Speeding up the Discrete Log Computation on Curves with Automorphisms},
  booktitle = {Advances in Cryptology - {ASIACRYPT} '99, International Conference
               on the Theory and Applications of Cryptology and Information Security,
               Singapore, November 14-18, 1999, Proceedings},
  pages     = {103--121},
  year      = {1999},
  crossref  = {DBLP:conf/asiacrypt/1999},
  url       = {http://dx.doi.org/10.1007/978-3-540-48000-6_10},
  doi       = {10.1007/978-3-540-48000-6_10},
  timestamp = {Mon, 02 Mar 2015 16:46:38 +0100},
  biburl    = {http://dblp.uni-trier.de/rec/bib/conf/asiacrypt/DuursmaGM99},
  bibsource = {dblp computer science bibliography, http://dblp.org}
}

@proceedings{DBLP:conf/asiacrypt/1999,
  editor    = {Kwok{-}Yan Lam and
               Eiji Okamoto and
               Chaoping Xing},
  title     = {Advances in Cryptology - {ASIACRYPT} '99, International Conference
               on the Theory and Applications of Cryptology and Information Security,
               Singapore, November 14-18, 1999, Proceedings},
  series    = {Lecture Notes in Computer Science},
  volume    = {1716},
  publisher = {Springer},
  year      = {1999},
  url       = {http://dx.doi.org/10.1007/b72231},
  doi       = {10.1007/b72231},
  isbn      = {3-540-66666-4},
  timestamp = {Mon, 02 Mar 2015 16:46:38 +0100},
  biburl    = {http://dblp.uni-trier.de/rec/bib/conf/asiacrypt/1999},
  bibsource = {dblp computer science bibliography, http://dblp.org}
}

