@inproceedings{DBLP:conf/space/EngeM14,
  author    = {Andreas Enge and
               J{\'{e}}r{\^{o}}me Milan},
  title     = {Implementing Cryptographic Pairings at Standard Security Levels},
  booktitle = {Security, Privacy, and Applied Cryptography Engineering - 4th International
               Conference, {SPACE} 2014, Pune, India, October 18-22, 2014. Proceedings},
  pages     = {28--46},
  year      = {2014},
  crossref  = {DBLP:conf/space/2014},
  url       = {http://dx.doi.org/10.1007/978-3-319-12060-7_3},
  doi       = {10.1007/978-3-319-12060-7_3},
  timestamp = {Thu, 09 Oct 2014 14:34:04 +0200},
  biburl    = {http://dblp.uni-trier.de/rec/bib/conf/space/EngeM14},
  bibsource = {dblp computer science bibliography, http://dblp.org}
}

@proceedings{DBLP:conf/space/2014,
  editor    = {Rajat Subhra Chakraborty and
               Vashek Matyas and
               Patrick Schaumont},
  title     = {Security, Privacy, and Applied Cryptography Engineering - 4th International
               Conference, {SPACE} 2014, Pune, India, October 18-22, 2014. Proceedings},
  series    = {Lecture Notes in Computer Science},
  volume    = {8804},
  publisher = {Springer},
  year      = {2014},
  url       = {http://dx.doi.org/10.1007/978-3-319-12060-7},
  doi       = {10.1007/978-3-319-12060-7},
  isbn      = {978-3-319-12059-1},
  timestamp = {Thu, 09 Oct 2014 14:32:51 +0200},
  biburl    = {http://dblp.uni-trier.de/rec/bib/conf/space/2014},
  bibsource = {dblp computer science bibliography, http://dblp.org}
}

