@article{DBLP:journals/joc/FaugereGHR14,
  author    = {Jean{-}Charles Faug{\`{e}}re and
               Pierrick Gaudry and
               Louise Huot and
               Gu{\'{e}}na{\"{e}}l Renault},
  title     = {Using Symmetries in the Index Calculus for Elliptic Curves Discrete
               Logarithm},
  journal   = {J. Cryptology},
  volume    = {27},
  number    = {4},
  pages     = {595--635},
  year      = {2014},
  url       = {http://dx.doi.org/10.1007/s00145-013-9158-5},
  doi       = {10.1007/s00145-013-9158-5},
  timestamp = {Wed, 03 Sep 2014 15:03:15 +0200},
  biburl    = {http://dblp.uni-trier.de/rec/bib/journals/joc/FaugereGHR14},
  bibsource = {dblp computer science bibliography, http://dblp.org}
}

