@inproceedings{DBLP:conf/indocrypt/FeixRV14,
  author    = {Benoit Feix and
               Myl{\`{e}}ne Roussellet and
               Alexandre Venelli},
  title     = {Side-Channel Analysis on Blinded Regular Scalar Multiplications},
  booktitle = {Progress in Cryptology - {INDOCRYPT} 2014 - 15th International Conference
               on Cryptology in India, New Delhi, India, December 14-17, 2014, Proceedings},
  pages     = {3--20},
  year      = {2014},
  crossref  = {DBLP:conf/indocrypt/2014},
  url       = {http://dx.doi.org/10.1007/978-3-319-13039-2_1},
  doi       = {10.1007/978-3-319-13039-2_1},
  timestamp = {Mon, 03 Nov 2014 13:30:01 +0100},
  biburl    = {http://dblp.uni-trier.de/rec/bib/conf/indocrypt/FeixRV14},
  bibsource = {dblp computer science bibliography, http://dblp.org}
}

@proceedings{DBLP:conf/indocrypt/2014,
  editor    = {Willi Meier and
               Debdeep Mukhopadhyay},
  title     = {Progress in Cryptology - {INDOCRYPT} 2014 - 15th International Conference
               on Cryptology in India, New Delhi, India, December 14-17, 2014, Proceedings},
  series    = {Lecture Notes in Computer Science},
  volume    = {8885},
  publisher = {Springer},
  year      = {2014},
  url       = {http://dx.doi.org/10.1007/978-3-319-13039-2},
  doi       = {10.1007/978-3-319-13039-2},
  isbn      = {978-3-319-13038-5},
  timestamp = {Mon, 03 Nov 2014 13:28:59 +0100},
  biburl    = {http://dblp.uni-trier.de/rec/bib/conf/indocrypt/2014},
  bibsource = {dblp computer science bibliography, http://dblp.org}
}

