@inproceedings{DBLP:conf/fdtc/FouqueLRV08,
  author    = {Pierre{-}Alain Fouque and
               Reynald Lercier and
               Denis R{\'{e}}al and
               Fr{\'{e}}d{\'{e}}ric Valette},
  title     = {Fault Attack onElliptic Curve Montgomery Ladder Implementation},
  booktitle = {Fifth International Workshop on Fault Diagnosis and Tolerance in Cryptography,
               2008, {FDTC} 2008, Washington, DC, USA, 10 August 2008},
  pages     = {92--98},
  year      = {2008},
  crossref  = {DBLP:conf/fdtc/2008},
  url       = {http://dx.doi.org/10.1109/FDTC.2008.15},
  doi       = {10.1109/FDTC.2008.15},
  timestamp = {Sun, 19 Apr 2009 16:26:17 +0200},
  biburl    = {http://dblp.uni-trier.de/rec/bib/conf/fdtc/FouqueLRV08},
  bibsource = {dblp computer science bibliography, http://dblp.org}
}

@proceedings{DBLP:conf/fdtc/2008,
  editor    = {Luca Breveglieri and
               Shay Gueron and
               Israel Koren and
               David Naccache and
               Jean{-}Pierre Seifert},
  title     = {Fifth International Workshop on Fault Diagnosis and Tolerance in Cryptography,
               2008, {FDTC} 2008, Washington, DC, USA, 10 August 2008},
  publisher = {{IEEE} Computer Society},
  year      = {2008},
  isbn      = {978-0-7695-3314-8},
  timestamp = {Sun, 19 Apr 2009 16:26:17 +0200},
  biburl    = {http://dblp.uni-trier.de/rec/bib/conf/fdtc/2008},
  bibsource = {dblp computer science bibliography, http://dblp.org}
}

