@article{DBLP:journals/joc/FreemanST10,
  author    = {David Freeman and
               Michael Scott and
               Edlyn Teske},
  title     = {A Taxonomy of Pairing-Friendly Elliptic Curves},
  journal   = {J. Cryptology},
  volume    = {23},
  number    = {2},
  pages     = {224--280},
  year      = {2010},
  url       = {http://dx.doi.org/10.1007/s00145-009-9048-z},
  doi       = {10.1007/s00145-009-9048-z},
  timestamp = {Fri, 08 Apr 2011 12:25:20 +0200},
  biburl    = {http://dblp.uni-trier.de/rec/bib/journals/joc/FreemanST10},
  bibsource = {dblp computer science bibliography, http://dblp.org}
}

