@article{DBLP:journals/joc/GalbraithLS11,
  author    = {Steven D. Galbraith and
               Xibin Lin and
               Michael Scott},
  title     = {Endomorphisms for Faster Elliptic Curve Cryptography on a Large Class
               of Curves},
  journal   = {J. Cryptology},
  volume    = {24},
  number    = {3},
  pages     = {446--469},
  year      = {2011},
  url       = {http://dx.doi.org/10.1007/s00145-010-9065-y},
  doi       = {10.1007/s00145-010-9065-y},
  timestamp = {Tue, 24 May 2011 11:14:01 +0200},
  biburl    = {http://dblp.uni-trier.de/rec/bib/journals/joc/GalbraithLS11},
  bibsource = {dblp computer science bibliography, http://dblp.org}
}

