@inproceedings{DBLP:conf/crypto/GallantLV01,
  author    = {Robert P. Gallant and
               Robert J. Lambert and
               Scott A. Vanstone},
  title     = {Faster Point Multiplication on Elliptic Curves with Efficient Endomorphisms},
  booktitle = {Advances in Cryptology - {CRYPTO} 2001, 21st Annual International
               Cryptology Conference, Santa Barbara, California, USA, August 19-23,
               2001, Proceedings},
  pages     = {190--200},
  year      = {2001},
  crossref  = {DBLP:conf/crypto/2001},
  url       = {http://dx.doi.org/10.1007/3-540-44647-8_11},
  doi       = {10.1007/3-540-44647-8_11},
  timestamp = {Fri, 18 Sep 2009 12:32:13 +0200},
  biburl    = {http://dblp.uni-trier.de/rec/bib/conf/crypto/GallantLV01},
  bibsource = {dblp computer science bibliography, http://dblp.org}
}

@proceedings{DBLP:conf/crypto/2001,
  editor    = {Joe Kilian},
  title     = {Advances in Cryptology - {CRYPTO} 2001, 21st Annual International
               Cryptology Conference, Santa Barbara, California, USA, August 19-23,
               2001, Proceedings},
  series    = {Lecture Notes in Computer Science},
  volume    = {2139},
  publisher = {Springer},
  year      = {2001},
  isbn      = {3-540-42456-3},
  timestamp = {Thu, 04 Jul 2002 10:11:11 +0200},
  biburl    = {http://dblp.uni-trier.de/rec/bib/conf/crypto/2001},
  bibsource = {dblp computer science bibliography, http://dblp.org}
}

