@article{DBLP:journals/moc/GallantLV00,
  author    = {Robert P. Gallant and
               Robert J. Lambert and
               Scott A. Vanstone},
  title     = {Improving the parallelized Pollard lambda search on anomalous binary
               curves},
  journal   = {Math. Comput.},
  volume    = {69},
  number    = {232},
  pages     = {1699--1705},
  year      = {2000},
  url       = {http://dx.doi.org/10.1090/S0025-5718-99-01119-9},
  doi       = {10.1090/S0025-5718-99-01119-9},
  timestamp = {Mon, 14 Feb 2011 15:36:58 +0100},
  biburl    = {http://dblp.uni-trier.de/rec/bib/journals/moc/GallantLV00},
  bibsource = {dblp computer science bibliography, http://dblp.org}
}

