@article{DBLP:journals/joc/GaudryHS02,
  author    = {Pierrick Gaudry and
               Florian Hess and
               Nigel P. Smart},
  title     = {Constructive and Destructive Facets of Weil Descent on Elliptic Curves},
  journal   = {J. Cryptology},
  volume    = {15},
  number    = {1},
  pages     = {19--46},
  year      = {2002},
  url       = {http://dx.doi.org/10.1007/s00145-001-0011-x},
  doi       = {10.1007/s00145-001-0011-x},
  timestamp = {Tue, 24 May 2011 14:18:09 +0200},
  biburl    = {http://dblp.uni-trier.de/rec/bib/journals/joc/GaudryHS02},
  bibsource = {dblp computer science bibliography, http://dblp.org}
}

