@inproceedings{DBLP:conf/pkc/Goubin03,
  author    = {Louis Goubin},
  title     = {A Refined Power-Analysis Attack on Elliptic Curve Cryptosystems},
  booktitle = {Public Key Cryptography - {PKC} 2003, 6th International Workshop on
               Theory and Practice in Public Key Cryptography, Miami, FL, USA, January
               6-8, 2003, Proceedings},
  pages     = {199--210},
  year      = {2003},
  crossref  = {DBLP:conf/pkc/2003},
  url       = {http://dx.doi.org/10.1007/3-540-36288-6_15},
  doi       = {10.1007/3-540-36288-6_15},
  timestamp = {Mon, 04 Jul 2011 09:38:40 +0200},
  biburl    = {http://dblp.uni-trier.de/rec/bib/conf/pkc/Goubin03},
  bibsource = {dblp computer science bibliography, http://dblp.org}
}

@proceedings{DBLP:conf/pkc/2003,
  editor    = {Yvo Desmedt},
  title     = {Public Key Cryptography - {PKC} 2003, 6th International Workshop on
               Theory and Practice in Public Key Cryptography, Miami, FL, USA, January
               6-8, 2003, Proceedings},
  series    = {Lecture Notes in Computer Science},
  volume    = {2567},
  publisher = {Springer},
  year      = {2002},
  isbn      = {3-540-00324-X},
  timestamp = {Wed, 08 Jan 2003 09:11:08 +0100},
  biburl    = {http://dblp.uni-trier.de/rec/bib/conf/pkc/2003},
  bibsource = {dblp computer science bibliography, http://dblp.org}
}

