@article{DBLP:journals/moc/GrangerM13,
  author    = {Robert Granger and
               Andrew Moss},
  title     = {Generalised Mersenne numbers revisited},
  journal   = {Math. Comput.},
  volume    = {82},
  number    = {284},
  year      = {2013},
  url       = {http://dx.doi.org/10.1090/S0025-5718-2013-02704-4},
  doi       = {10.1090/S0025-5718-2013-02704-4},
  timestamp = {Thu, 04 Sep 2014 14:01:38 +0200},
  biburl    = {http://dblp.uni-trier.de/rec/bib/journals/moc/GrangerM13},
  bibsource = {dblp computer science bibliography, http://dblp.org}
}

