@article{DBLP:journals/dcc/JacobsonKSST00,
  author    = {Michael J. Jacobson Jr. and
               Neal Koblitz and
               Joseph H. Silverman and
               Andreas Stein and
               Edlyn Teske},
  title     = {Analysis of the Xedni Calculus Attack},
  journal   = {Des. Codes Cryptography},
  volume    = {20},
  number    = {1},
  pages     = {1--64},
  year      = {2000},
  timestamp = {Mon, 06 Mar 2006 14:27:17 +0100},
  biburl    = {http://dblp.uni-trier.de/rec/bib/journals/dcc/JacobsonKSST00},
  bibsource = {dblp computer science bibliography, http://dblp.org}
}

