@article{DBLP:journals/joc/JouxV13,
  author    = {Antoine Joux and
               Vanessa Vitse},
  title     = {Elliptic Curve Discrete Logarithm Problem over Small Degree Extension
               Fields - Application to the Static Diffie-Hellman Problem on {\textdollar}E({\textbackslash}mathbb\{F\}{\_}\{q{\^{}}\{5\}\}){\textdollar}},
  journal   = {J. Cryptology},
  volume    = {26},
  number    = {1},
  pages     = {119--143},
  year      = {2013},
  url       = {http://dx.doi.org/10.1007/s00145-011-9116-z},
  doi       = {10.1007/s00145-011-9116-z},
  timestamp = {Wed, 23 Jan 2013 09:45:11 +0100},
  biburl    = {http://dblp.uni-trier.de/rec/bib/journals/joc/JouxV13},
  bibsource = {dblp computer science bibliography, http://dblp.org}
}

