@article{DBLP:journals/joc/Joux04,
  author    = {Antoine Joux},
  title     = {A One Round Protocol for Tripartite Diffie-Hellman},
  journal   = {J. Cryptology},
  volume    = {17},
  number    = {4},
  pages     = {263--276},
  year      = {2004},
  url       = {http://dx.doi.org/10.1007/s00145-004-0312-y},
  doi       = {10.1007/s00145-004-0312-y},
  timestamp = {Mon, 11 Oct 2004 15:42:04 +0200},
  biburl    = {http://dblp.uni-trier.de/rec/bib/journals/joc/Joux04},
  bibsource = {dblp computer science bibliography, http://dblp.org}
}

