@inproceedings{DBLP:conf/crypto/LimL97,
  author    = {Chae Hoon Lim and
               Pil Joong Lee},
  title     = {A Key Recovery Attack on Discrete Log-based Schemes Using a Prime
               Order Subgroupp},
  booktitle = {Advances in Cryptology - {CRYPTO} '97, 17th Annual International Cryptology
               Conference, Santa Barbara, California, USA, August 17-21, 1997, Proceedings},
  pages     = {249--263},
  year      = {1997},
  crossref  = {DBLP:conf/crypto/1997},
  url       = {http://dx.doi.org/10.1007/BFb0052240},
  doi       = {10.1007/BFb0052240},
  timestamp = {Fri, 18 Sep 2009 11:29:41 +0200},
  biburl    = {http://dblp.uni-trier.de/rec/bib/conf/crypto/LimL97},
  bibsource = {dblp computer science bibliography, http://dblp.org}
}

@proceedings{DBLP:conf/crypto/1997,
  editor    = {Burton S. Kaliski Jr.},
  title     = {Advances in Cryptology - {CRYPTO} '97, 17th Annual International Cryptology
               Conference, Santa Barbara, California, USA, August 17-21, 1997, Proceedings},
  series    = {Lecture Notes in Computer Science},
  volume    = {1294},
  publisher = {Springer},
  year      = {1997},
  isbn      = {3-540-63384-7},
  timestamp = {Thu, 03 Jan 2002 11:55:47 +0100},
  biburl    = {http://dblp.uni-trier.de/rec/bib/conf/crypto/1997},
  bibsource = {dblp computer science bibliography, http://dblp.org}
}

