@article{DBLP:journals/iacr/LochterMSS14,
  author    = {Manfred Lochter and
               Johannes Merkle and
               J{\"{o}}rn{-}Marc Schmidt and
               Torsten Sch{\"{u}}tze},
  title     = {Requirements for Standard Elliptic Curves},
  journal   = {{IACR} Cryptology ePrint Archive},
  volume    = {2014},
  pages     = {832},
  year      = {2014},
  url       = {http://eprint.iacr.org/2014/832},
  timestamp = {Sun, 16 Nov 2014 20:34:26 +0100},
  biburl    = {http://dblp.uni-trier.de/rec/bib/journals/iacr/LochterMSS14},
  bibsource = {dblp computer science bibliography, http://dblp.org}
}

