@inproceedings{DBLP:conf/ches/MamiyaMM04,
  author    = {Hideyo Mamiya and
               Atsuko Miyaji and
               Hiroaki Morimoto},
  title     = {Efficient Countermeasures against RPA, DPA, and {SPA}},
  booktitle = {Cryptographic Hardware and Embedded Systems - {CHES} 2004: 6th International
               Workshop Cambridge, MA, USA, August 11-13, 2004. Proceedings},
  pages     = {343--356},
  year      = {2004},
  crossref  = {DBLP:conf/ches/2004},
  url       = {http://dx.doi.org/10.1007/978-3-540-28632-5_25},
  doi       = {10.1007/978-3-540-28632-5_25},
  timestamp = {Thu, 07 Jul 2011 15:50:14 +0200},
  biburl    = {http://dblp.uni-trier.de/rec/bib/conf/ches/MamiyaMM04},
  bibsource = {dblp computer science bibliography, http://dblp.org}
}

@proceedings{DBLP:conf/ches/2004,
  editor    = {Marc Joye and
               Jean{-}Jacques Quisquater},
  title     = {Cryptographic Hardware and Embedded Systems - {CHES} 2004: 6th International
               Workshop Cambridge, MA, USA, August 11-13, 2004. Proceedings},
  series    = {Lecture Notes in Computer Science},
  volume    = {3156},
  publisher = {Springer},
  year      = {2004},
  isbn      = {3-540-22666-4},
  timestamp = {Mon, 12 Jul 2004 09:33:11 +0200},
  biburl    = {http://dblp.uni-trier.de/rec/bib/conf/ches/2004},
  bibsource = {dblp computer science bibliography, http://dblp.org}
}

