@inproceedings{DBLP:conf/ctrsa/MenezesTW04,
  author    = {Alfred Menezes and
               Edlyn Teske and
               Annegret Weng},
  title     = {Weak Fields for {ECC}},
  booktitle = {Topics in Cryptology - {CT-RSA} 2004, The Cryptographers' Track at
               the {RSA} Conference 2004, San Francisco, CA, USA, February 23-27,
               2004, Proceedings},
  pages     = {366--386},
  year      = {2004},
  crossref  = {DBLP:conf/ctrsa/2004},
  url       = {http://dx.doi.org/10.1007/978-3-540-24660-2_28},
  doi       = {10.1007/978-3-540-24660-2_28},
  timestamp = {Wed, 06 Jul 2011 21:21:33 +0200},
  biburl    = {http://dblp.uni-trier.de/rec/bib/conf/ctrsa/MenezesTW04},
  bibsource = {dblp computer science bibliography, http://dblp.org}
}

@proceedings{DBLP:conf/ctrsa/2004,
  editor    = {Tatsuaki Okamoto},
  title     = {Topics in Cryptology - {CT-RSA} 2004, The Cryptographers' Track at
               the {RSA} Conference 2004, San Francisco, CA, USA, February 23-27,
               2004, Proceedings},
  series    = {Lecture Notes in Computer Science},
  volume    = {2964},
  publisher = {Springer},
  year      = {2004},
  isbn      = {3-540-20996-4},
  timestamp = {Mon, 02 Feb 2004 10:25:55 +0100},
  biburl    = {http://dblp.uni-trier.de/rec/bib/conf/ctrsa/2004},
  bibsource = {dblp computer science bibliography, http://dblp.org}
}

