@inproceedings{DBLP:conf/sacrypt/Plut11,
  author    = {J{\'{e}}r{\^{o}}me Pl{\^{u}}t},
  title     = {On Various Families of Twisted Jacobi Quartics},
  booktitle = {Selected Areas in Cryptography - 18th International Workshop, {SAC}
               2011, Toronto, ON, Canada, August 11-12, 2011, Revised Selected Papers},
  pages     = {373--383},
  year      = {2011},
  crossref  = {DBLP:conf/sacrypt/2011},
  url       = {http://dx.doi.org/10.1007/978-3-642-28496-0_22},
  doi       = {10.1007/978-3-642-28496-0_22},
  timestamp = {Thu, 23 Feb 2012 18:12:41 +0100},
  biburl    = {http://dblp.uni-trier.de/rec/bib/conf/sacrypt/Plut11},
  bibsource = {dblp computer science bibliography, http://dblp.org}
}

@proceedings{DBLP:conf/sacrypt/2011,
  editor    = {Ali Miri and
               Serge Vaudenay},
  title     = {Selected Areas in Cryptography - 18th International Workshop, {SAC}
               2011, Toronto, ON, Canada, August 11-12, 2011, Revised Selected Papers},
  series    = {Lecture Notes in Computer Science},
  volume    = {7118},
  publisher = {Springer},
  year      = {2012},
  url       = {http://dx.doi.org/10.1007/978-3-642-28496-0},
  doi       = {10.1007/978-3-642-28496-0},
  isbn      = {978-3-642-28495-3},
  timestamp = {Thu, 23 Feb 2012 18:09:42 +0100},
  biburl    = {http://dblp.uni-trier.de/rec/bib/conf/sacrypt/2011},
  bibsource = {dblp computer science bibliography, http://dblp.org}
}

