@article{DBLP:journals/iacr/PolSY14,
  author    = {Joop van de Pol and
               Nigel P. Smart and
               Yuval Yarom},
  title     = {Just a Little Bit More},
  journal   = {{IACR} Cryptology ePrint Archive},
  volume    = {2014},
  pages     = {434},
  year      = {2014},
  url       = {http://eprint.iacr.org/2014/434},
  timestamp = {Sat, 14 Jun 2014 15:50:28 +0200},
  biburl    = {http://dblp.uni-trier.de/rec/bib/journals/iacr/PolSY14},
  bibsource = {dblp computer science bibliography, http://dblp.org}
}

