@article{DBLP:journals/ieicet/SakaiS06,
  author    = {Yasuyuki Sakai and
               Kouichi Sakurai},
  title     = {Simple Power Analysis on Fast Modular Reduction with Generalized Mersenne
               Prime for Elliptic Curve Cryptosystems},
  journal   = {{IEICE} Transactions},
  volume    = {89-A},
  number    = {1},
  pages     = {231--237},
  year      = {2006},
  url       = {http://dx.doi.org/10.1093/ietfec/e89-a.1.231},
  doi       = {10.1093/ietfec/e89-a.1.231},
  timestamp = {Thu, 17 Jan 2008 10:12:53 +0100},
  biburl    = {http://dblp.uni-trier.de/rec/bib/journals/ieicet/SakaiS06},
  bibsource = {dblp computer science bibliography, http://dblp.org}
}

