@inproceedings{DBLP:conf/icics/SakaiS05,
  author    = {Yasuyuki Sakai and
               Kouichi Sakurai},
  title     = {Simple Power Analysis on Fast Modular Reduction with {NIST} Recommended
               Elliptic Curves},
  booktitle = {Information and Communications Security, 7th International Conference,
               {ICICS} 2005, Beijing, China, December 10-13, 2005, Proceedings},
  pages     = {169--180},
  year      = {2005},
  crossref  = {DBLP:conf/icics/2005},
  url       = {http://dx.doi.org/10.1007/11602897_15},
  doi       = {10.1007/11602897_15},
  timestamp = {Wed, 07 Dec 2005 14:49:20 +0100},
  biburl    = {http://dblp.uni-trier.de/rec/bib/conf/icics/SakaiS05},
  bibsource = {dblp computer science bibliography, http://dblp.org}
}

@proceedings{DBLP:conf/icics/2005,
  editor    = {Sihan Qing and
               Wenbo Mao and
               Javier Lopez and
               Guilin Wang},
  title     = {Information and Communications Security, 7th International Conference,
               {ICICS} 2005, Beijing, China, December 10-13, 2005, Proceedings},
  series    = {Lecture Notes in Computer Science},
  volume    = {3783},
  publisher = {Springer},
  year      = {2005},
  isbn      = {3-540-30934-9},
  timestamp = {Wed, 07 Dec 2005 14:49:20 +0100},
  biburl    = {http://dblp.uni-trier.de/rec/bib/conf/icics/2005},
  bibsource = {dblp computer science bibliography, http://dblp.org}
}

