@article{DBLP:journals/dcc/Silverman00,
  author    = {Joseph H. Silverman},
  title     = {The Xedni Calculus and the Elliptic Curve Discrete Logarithm Problem},
  journal   = {Des. Codes Cryptography},
  volume    = {20},
  number    = {1},
  pages     = {5--40},
  year      = {2000},
  timestamp = {Thu, 05 Feb 2004 13:24:48 +0100},
  biburl    = {http://dblp.uni-trier.de/rec/bib/journals/dcc/Silverman00},
  bibsource = {dblp computer science bibliography, http://dblp.org}
}

