@inproceedings{DBLP:conf/sacrypt/Silverman08,
  author    = {Joseph H. Silverman},
  title     = {Lifting and Elliptic Curve Discrete Logarithms},
  booktitle = {Selected Areas in Cryptography, 15th International Workshop, {SAC}
               2008, Sackville, New Brunswick, Canada, August 14-15, Revised Selected
               Papers},
  pages     = {82--102},
  year      = {2008},
  crossref  = {DBLP:conf/sacrypt/2008},
  url       = {http://dx.doi.org/10.1007/978-3-642-04159-4_6},
  doi       = {10.1007/978-3-642-04159-4_6},
  timestamp = {Wed, 16 Dec 2009 09:42:23 +0100},
  biburl    = {http://dblp.uni-trier.de/rec/bib/conf/sacrypt/Silverman08},
  bibsource = {dblp computer science bibliography, http://dblp.org}
}

@proceedings{DBLP:conf/sacrypt/2008,
  editor    = {Roberto Maria Avanzi and
               Liam Keliher and
               Francesco Sica},
  title     = {Selected Areas in Cryptography, 15th International Workshop, {SAC}
               2008, Sackville, New Brunswick, Canada, August 14-15, Revised Selected
               Papers},
  series    = {Lecture Notes in Computer Science},
  volume    = {5381},
  publisher = {Springer},
  year      = {2009},
  url       = {http://dx.doi.org/10.1007/978-3-642-04159-4},
  doi       = {10.1007/978-3-642-04159-4},
  isbn      = {978-3-642-04158-7},
  timestamp = {Wed, 16 Dec 2009 09:41:13 +0100},
  biburl    = {http://dblp.uni-trier.de/rec/bib/conf/sacrypt/2008},
  bibsource = {dblp computer science bibliography, http://dblp.org}
}

