@inproceedings{DBLP:conf/asiacrypt/SilvermanS98,
  author    = {Joseph H. Silverman and
               Joe Suzuki},
  title     = {Elliptic Curve Discrete Logarithms and the Index Calculus},
  booktitle = {Advances in Cryptology - {ASIACRYPT} '98, International Conference
               on the Theory and Applications of Cryptology and Information Security,
               Beijing, China, October 18-22, 1998, Proceedings},
  pages     = {110--125},
  year      = {1998},
  crossref  = {DBLP:conf/asiacrypt/1998},
  url       = {http://dx.doi.org/10.1007/3-540-49649-1_10},
  doi       = {10.1007/3-540-49649-1_10},
  timestamp = {Fri, 17 Jun 2011 14:09:56 +0200},
  biburl    = {http://dblp.uni-trier.de/rec/bib/conf/asiacrypt/SilvermanS98},
  bibsource = {dblp computer science bibliography, http://dblp.org}
}

@proceedings{DBLP:conf/asiacrypt/1998,
  editor    = {Kazuo Ohta and
               Dingyi Pei},
  title     = {Advances in Cryptology - {ASIACRYPT} '98, International Conference
               on the Theory and Applications of Cryptology and Information Security,
               Beijing, China, October 18-22, 1998, Proceedings},
  series    = {Lecture Notes in Computer Science},
  volume    = {1514},
  publisher = {Springer},
  year      = {1998},
  isbn      = {3-540-65109-8},
  timestamp = {Thu, 02 Jan 2003 12:45:10 +0100},
  biburl    = {http://dblp.uni-trier.de/rec/bib/conf/asiacrypt/1998},
  bibsource = {dblp computer science bibliography, http://dblp.org}
}

