@inproceedings{DBLP:conf/asiacrypt/Smith13,
  author    = {Benjamin Smith},
  title     = {Families of Fast Elliptic Curves from {\(\mathbb{Q}\)}-curves},
  booktitle = {Advances in Cryptology - {ASIACRYPT} 2013 - 19th International Conference
               on the Theory and Application of Cryptology and Information Security,
               Bengaluru, India, December 1-5, 2013, Proceedings, Part {I}},
  pages     = {61--78},
  year      = {2013},
  crossref  = {DBLP:conf/asiacrypt/2013-1},
  url       = {http://dx.doi.org/10.1007/978-3-642-42033-7_4},
  doi       = {10.1007/978-3-642-42033-7_4},
  timestamp = {Thu, 12 Dec 2013 14:55:38 +0100},
  biburl    = {http://dblp.uni-trier.de/rec/bib/conf/asiacrypt/Smith13},
  bibsource = {dblp computer science bibliography, http://dblp.org}
}

@proceedings{DBLP:conf/asiacrypt/2013-1,
  editor    = {Kazue Sako and
               Palash Sarkar},
  title     = {Advances in Cryptology - {ASIACRYPT} 2013 - 19th International Conference
               on the Theory and Application of Cryptology and Information Security,
               Bengaluru, India, December 1-5, 2013, Proceedings, Part {I}},
  series    = {Lecture Notes in Computer Science},
  volume    = {8269},
  publisher = {Springer},
  year      = {2013},
  url       = {http://dx.doi.org/10.1007/978-3-642-42033-7},
  doi       = {10.1007/978-3-642-42033-7},
  isbn      = {978-3-642-42032-0},
  timestamp = {Thu, 12 Dec 2013 14:46:53 +0100},
  biburl    = {http://dblp.uni-trier.de/rec/bib/conf/asiacrypt/2013-1},
  bibsource = {dblp computer science bibliography, http://dblp.org}
}

