@article{DBLP:journals/corr/Smith14c,
  author    = {Benjamin Smith},
  title     = {The Q-curve construction for endomorphism-accelerated elliptic curves},
  journal   = {CoRR},
  volume    = {abs/1409.4526},
  year      = {2014},
  url       = {http://arxiv.org/abs/1409.4526},
  timestamp = {Wed, 01 Oct 2014 15:00:04 +0200},
  biburl    = {http://dblp.uni-trier.de/rec/bib/journals/corr/Smith14c},
  bibsource = {dblp computer science bibliography, http://dblp.org}
}

