@article{DBLP:journals/joc/Teske06,
  author    = {Edlyn Teske},
  title     = {An Elliptic Curve Trapdoor System},
  journal   = {J. Cryptology},
  volume    = {19},
  number    = {1},
  pages     = {115--133},
  year      = {2006},
  url       = {http://dx.doi.org/10.1007/s00145-004-0328-3},
  doi       = {10.1007/s00145-004-0328-3},
  timestamp = {Mon, 08 May 2006 10:42:50 +0200},
  biburl    = {http://dblp.uni-trier.de/rec/bib/journals/joc/Teske06},
  bibsource = {dblp computer science bibliography, http://dblp.org}
}

