@article {MR1199989,
    AUTHOR = {Atkin, A. O. L. and Morain, F.},
     TITLE = {Elliptic curves and primality proving},
   JOURNAL = {Math. Comp.},
  FJOURNAL = {Mathematics of Computation},
    VOLUME = {61},
      YEAR = {1993},
    NUMBER = {203},
     PAGES = {29--68},
      ISSN = {0025-5718},
     CODEN = {MCMPAF},
   MRCLASS = {11Y11 (11F11 11G20 11R37)},
  MRNUMBER = {1199989 (93m:11136)},
MRREVIEWER = {Philippe Satg{\'e}},
       DOI = {10.2307/2152935},
       URL = {http://dx.doi.org/10.2307/2152935},
}
@article {MR712964,
    AUTHOR = {Canfield, E. R. and Erd{\H{o}}s, Paul and Pomerance, Carl},
     TITLE = {On a problem of {O}ppenheim concerning ``factorisatio
              numerorum''},
   JOURNAL = {J. Number Theory},
  FJOURNAL = {Journal of Number Theory},
    VOLUME = {17},
      YEAR = {1983},
    NUMBER = {1},
     PAGES = {1--28},
      ISSN = {0022-314X},
     CODEN = {JNUTA9},
   MRCLASS = {11A51},
  MRNUMBER = {712964 (85j:11012)},
MRREVIEWER = {Mohan Nair},
       DOI = {10.1016/0022-314X(83)90002-1},
       URL = {http://dx.doi.org/10.1016/0022-314X(83)90002-1},
}
@article {MR2487730,
    AUTHOR = {Chambert-Loir, Antoine},
     TITLE = {Compter (rapidement) le nombre de solutions d'\'equations dans
              les corps finis},
      NOTE = {S{\'e}minaire Bourbaki. Vol. 2006/2007},
   JOURNAL = {Ast\'erisque},
  FJOURNAL = {Ast\'erisque},
    NUMBER = {317},
      YEAR = {2008},
     PAGES = {Exp. No. 968, vii, 39--90},
      ISSN = {0303-1179},
      ISBN = {978-2-85629-253-2},
   MRCLASS = {11D45 (11Y16 14F20 14F30 14G10 14G15)},
  MRNUMBER = {2487730 (2010a:11048)},
MRREVIEWER = {Antonio Rojas Le{\'o}n},
}
@article {MR3248230,
    AUTHOR = {Cloutier, Maurice-{\'E}tienne and De Koninck, Jean-Marie and
              Doyon, Nicolas},
     TITLE = {On the powerful and squarefree parts of an integer},
   JOURNAL = {J. Integer Seq.},
  FJOURNAL = {Journal of Integer Sequences},
    VOLUME = {17},
      YEAR = {2014},
    NUMBER = {8},
     PAGES = {Article 14.8.6, 28},
      ISSN = {1530-7638},
   MRCLASS = {11N37 (11A25)},
  MRNUMBER = {3248230},
MRREVIEWER = {Olivier Bordell{\`e}s},
}
@incollection {MR756082,
    AUTHOR = {Cohen, H. and Lenstra, Jr., H. W.},
     TITLE = {Heuristics on class groups of number fields},
 BOOKTITLE = {Number theory, {N}oordwijkerhout 1983 ({N}oordwijkerhout,
              1983)},
    SERIES = {Lecture Notes in Math.},
    VOLUME = {1068},
     PAGES = {33--62},
 PUBLISHER = {Springer, Berlin},
      YEAR = {1984},
   MRCLASS = {11R29 (13C13)},
  MRNUMBER = {756082 (85j:11144)},
MRREVIEWER = {F. J. van der Linden},
       DOI = {10.1007/BFb0099440},
       URL = {http://dx.doi.org/10.1007/BFb0099440},
}
@article {MR726006,
    AUTHOR = {Cohen, H. and Lenstra, Jr., H. W.},
     TITLE = {Primality testing and {J}acobi sums},
   JOURNAL = {Math. Comp.},
  FJOURNAL = {Mathematics of Computation},
    VOLUME = {42},
      YEAR = {1984},
    NUMBER = {165},
     PAGES = {297--330},
      ISSN = {0025-5718},
     CODEN = {MCMPAF},
   MRCLASS = {11Y11 (11A51)},
  MRNUMBER = {726006 (86g:11078)},
MRREVIEWER = {Carl Pomerance},
       DOI = {10.2307/2007581},
       URL = {http://dx.doi.org/10.2307/2007581},
}
@book {MR3236783,
    AUTHOR = {Cox, David A.},
     TITLE = {Primes of the form {$x^2 + ny^2$}},
    SERIES = {Pure and Applied Mathematics (Hoboken)},
   EDITION = {Second},
      NOTE = {Fermat, class field theory, and complex multiplication},
 PUBLISHER = {John Wiley \& Sons, Inc., Hoboken, NJ},
      YEAR = {2013},
     PAGES = {xviii+356},
      ISBN = {978-1-118-39018-4},
   MRCLASS = {11A41 (11F11 11R11 11R16 11R18 11R37 11Y11)},
  MRNUMBER = {3236783},
MRREVIEWER = {Michael C. Berg},
       DOI = {10.1002/9781118400722},
       URL = {http://dx.doi.org/10.1002/9781118400722},
}
@article {MR2318157,
    AUTHOR = {Edwards, Harold M.},
     TITLE = {A normal form for elliptic curves},
   JOURNAL = {Bull. Amer. Math. Soc. (N.S.)},
  FJOURNAL = {American Mathematical Society. Bulletin. New Series},
    VOLUME = {44},
      YEAR = {2007},
    NUMBER = {3},
     PAGES = {393--422 (electronic)},
      ISSN = {0273-0979},
     CODEN = {BAMOAD},
   MRCLASS = {14H52 (33E05)},
  MRNUMBER = {2318157 (2008b:14052)},
MRREVIEWER = {Alain Kraus},
       DOI = {10.1090/S0273-0979-07-01153-6},
       URL = {http://dx.doi.org/10.1090/S0273-0979-07-01153-6},
}
@article {MR1794276,
    AUTHOR = {Galbraith, Steven D. and McKee, James},
     TITLE = {The probability that the number of points on an elliptic curve
              over a finite field is prime},
   JOURNAL = {J. London Math. Soc. (2)},
  FJOURNAL = {Journal of the London Mathematical Society. Second Series},
    VOLUME = {62},
      YEAR = {2000},
    NUMBER = {3},
     PAGES = {671--684},
      ISSN = {0024-6107},
     CODEN = {JLMSAK},
   MRCLASS = {11G20 (14G15 14G50)},
  MRNUMBER = {1794276 (2001m:11099)},
MRREVIEWER = {Boris {\`E}. Kunyavski{\u\i}},
       DOI = {10.1112/S0024610700001502},
       URL = {http://dx.doi.org/10.1112/S0024610700001502},
}
@article {MR1002631,
    AUTHOR = {Hafner, James L. and McCurley, Kevin S.},
     TITLE = {A rigorous subexponential algorithm for computation of class
              groups},
   JOURNAL = {J. Amer. Math. Soc.},
  FJOURNAL = {Journal of the American Mathematical Society},
    VOLUME = {2},
      YEAR = {1989},
    NUMBER = {4},
     PAGES = {837--850},
      ISSN = {0894-0347},
   MRCLASS = {11Y40 (11R29)},
  MRNUMBER = {1002631 (91f:11090)},
MRREVIEWER = {Ren{\'e} Schoof},
       DOI = {10.2307/1990896},
       URL = {http://dx.doi.org/10.2307/1990896},
}
@article {MR1058499,
    AUTHOR = {Louboutin, St{\'e}phane},
     TITLE = {Minorations (sous l'hypoth\`ese de {R}iemann
              g\'en\'eralis\'ee) des nombres de classes des corps
              quadratiques imaginaires. {A}pplication},
   JOURNAL = {C. R. Acad. Sci. Paris S\'er. I Math.},
  FJOURNAL = {Comptes Rendus de l'Acad\'emie des Sciences. S\'erie I.
              Math\'ematique},
    VOLUME = {310},
      YEAR = {1990},
    NUMBER = {12},
     PAGES = {795--800},
      ISSN = {0764-4442},
     CODEN = {CASMEI},
   MRCLASS = {11R29 (11M26 11R11)},
  MRNUMBER = {1058499 (91e:11126)},
MRREVIEWER = {Amara H{\'e}di},
}
@article {MR866113,
    AUTHOR = {Montgomery, Peter L.},
     TITLE = {Speeding the {P}ollard and elliptic curve methods of
              factorization},
   JOURNAL = {Math. Comp.},
  FJOURNAL = {Mathematics of Computation},
    VOLUME = {48},
      YEAR = {1987},
    NUMBER = {177},
     PAGES = {243--264},
      ISSN = {0025-5718},
     CODEN = {MCMPAF},
   MRCLASS = {11Y05 (11A51 68Q40)},
  MRNUMBER = {866113 (88e:11130)},
MRREVIEWER = {Kevin S. McCurley},
       DOI = {10.2307/2007888},
       URL = {http://dx.doi.org/10.2307/2007888},
}
@article {MR1413578,
    AUTHOR = {Schoof, Ren{\'e}},
     TITLE = {Counting points on elliptic curves over finite fields},
      NOTE = {Les Dix-huiti{\`e}mes Journ{\'e}es Arithm{\'e}tiques
              (Bordeaux, 1993)},
   JOURNAL = {J. Th\'eor. Nombres Bordeaux},
  FJOURNAL = {Journal de Th\'eorie des Nombres de Bordeaux},
    VOLUME = {7},
      YEAR = {1995},
    NUMBER = {1},
     PAGES = {219--254},
      ISSN = {1246-7405},
   MRCLASS = {11G20 (11Y50 14G15)},
  MRNUMBER = {1413578 (97i:11070)},
MRREVIEWER = {Joseph H. Silverman},
       URL = {http://jtnb.cedram.org/item?id=JTNB_1995__7_1_219_0},
}
@article {MR777280,
    AUTHOR = {Schoof, Ren{\'e}},
     TITLE = {Elliptic curves over finite fields and the computation of
              square roots mod {$p$}},
   JOURNAL = {Math. Comp.},
  FJOURNAL = {Mathematics of Computation},
    VOLUME = {44},
      YEAR = {1985},
    NUMBER = {170},
     PAGES = {483--494},
      ISSN = {0025-5718},
     CODEN = {MCMPAF},
   MRCLASS = {11Y16 (11G20 14G15)},
  MRNUMBER = {777280 (86e:11122)},
MRREVIEWER = {Karl Rubin},
       DOI = {10.2307/2007968},
       URL = {http://dx.doi.org/10.2307/2007968},
}
