@techreport{oscca2010sm2,
  title={{SM2: A group of ECC public key algorithms}},
  author={Chinese Commercial Cryptography Administration Office},
  institution={CCCAO},
  year={2010},
  note={\url{http://www.oscca.gov.cn/News/201012/News_1198.htm}},
}
% also: www.ietf.org/proeedings/87/slides/slides-87-cfrg-2.pdf
@misc{jorf2011ce,
  key={JORF},
  title={{Avis relatif aux paramètres de courbes elliptiques définis par
  l'Etat fran{\c{c}}ais}},
  howpublished={Journal officiel de la R{\'e}publique fran{\c{c}}aise},
  number={30},
  pages={17533},
  year={2011},
  note={JORF n°0241 du 16 octobre 2011 page 17533},
}
@techreport{certicom2010sec2,
  title={{Standards for Efficient Cryptography 2 (SEC 2):
  Recommended Elliptic Curve Domain Parameters}},
  author={Certicom Research},
  year={2010},
  institution={Certicom Corp.},
  note={\url{http://www.secg.org/sec2-v2.pdf}},
}
@techreport{nist2000fips186-2,
  author={National Institute of Standards and Technology},
  year={2000},
  title={{186--2. Digital Signature Standard}},
  institution={NIST},
}
@techreport{ieeep1363,
  title={{Standard specifications for Public Key Cryptography}},
  year={2000},
  author={P1363},
  institution={IEEE},
}
@misc{rfc5639,
  author={Manfred Lochter and Johannes Merkle},
  title={{Elliptic Curve Cryptography (ECC) Brainpool Standard Curves and
  Curve Generation}},
  series={Requests for Comments},
  number={5639},
  howpublished = {RFC 5639 (Informational)},
  publisher={IETF},
  year=2010,
  note={\url{http://www.ietf.org/rfc/rfc5639.txt}},
}
@misc{brainpool2005,
  title={{ECC Brainpool Standard Curves and Curve Generation}},
  year={2005},
  institution={ECC Brainpool},
  note={\url{http://www.ecc-brainpool.org/download/Domain-parameters.pdf}},
}
@techreport{msr2014bcln,
  author={Joppe W. Bos and Craig Costello and Patrick Longa and Michael
  Naehrig},
  title={{Selecting Elliptic Curves for Cryptography: An Efficiency and
  Security Analysis}},
  year={2014},
  comment={\url{http://research.microsoft.com/apps/pubs/default.aspx?id=209303}},
  note={\url{http://research.microsoft.com/en-us/projects/nums/}},
  institution={Microsoft Research},
}
@misc{badass,
  author={Daniel J. Bernstein and Tung Chou and Chitchanok Chuengsatiansup and
          Andreas H{\"u}lsing and Tanja Lange and Ruben Niederhagen and Christine van Vredendaal},
  title={{SafeCurves: BADA55 elliptic curves}},
  note={\url{http://safecurves.cr.yp.to/bada55.html}},
  year={2014},
  note={\url{http://safecurves.cr.yp.to/bada55.html}. Accessed 10 March 2015.},
}
@misc{safecurves,
  author={Daniel J. Bernstein and Tanja Lange},
  title={{SafeCurves: choosing safe curves for elliptic-curve cryptography}},
  year={2014},
  note={\url{http://safecurves.cr.yp.to}. Accessed 10 March 2015.},
}
@article{el2002paterson,
  title={{ID-based signatures from pairings on elliptic curves}},
  author={Kenneth G. Paterson},
  journal={Electronic Letters},
  volume={38},
  number={18},
  year={2002},
  pages={1025--1026},
  publisher={IET},
}
@inproceedings{ecc2007silverman,
  author={Joseph H. Silverman},
  title={The Four Faces of Lifting for the Elliptic Curve Discrete Logarithm Problem},
  year={2007},
  booktitle={11th Workshop on Elliptic Curve Cryptography},
  note={\url{http://www.math.brown.edu/~jhs/Presentations/ECC4FacesOfLifts.pdf}},
}
@article {mc1993am,
    AUTHOR = {Atkin, A. O. L. and Morain, F.},
     TITLE = {Elliptic curves and primality proving},
   JOURNAL = {Math. Comp.},
  FJOURNAL = {Mathematics of Computation},
    VOLUME = {61},
      YEAR = {1993},
    NUMBER = {203},
     PAGES = {29--68},
      ISSN = {0025-5718},
     CODEN = {MCMPAF},
   MRCLASS = {11Y11 (11F11 11G20 11R37)},
  MRNUMBER = {1199989 (93m:11136)},
MRREVIEWER = {Philippe Satg{\'e}},
       DOI = {10.2307/2152935},
       URL = {http://dx.doi.org/10.2307/2152935},
}
@article {jnt1983cep,
    AUTHOR = {Canfield, E. R. and Erd{\H{o}}s, Paul and Pomerance, Carl},
     TITLE = {On a problem of {O}ppenheim concerning ``factorisatio
              numerorum''},
   JOURNAL = {J. Number Theory},
  FJOURNAL = {Journal of Number Theory},
    VOLUME = {17},
      YEAR = {1983},
    NUMBER = {1},
     PAGES = {1--28},
      ISSN = {0022-314X},
     CODEN = {JNUTA9},
   MRCLASS = {11A51},
  MRNUMBER = {712964 (85j:11012)},
MRREVIEWER = {Mohan Nair},
       DOI = {10.1016/0022-314X(83)90002-1},
       URL = {http://dx.doi.org/10.1016/0022-314X(83)90002-1},
}
@article {smf2008cl,
    AUTHOR = {Chambert-Loir, Antoine},
     TITLE = {Compter (rapidement) le nombre de solutions d'\'equations dans
              les corps finis},
      NOTE = {S{\'e}minaire Bourbaki. Vol. 2006/2007},
   JOURNAL = {Ast\'erisque},
  FJOURNAL = {Ast\'erisque},
    NUMBER = {317},
      YEAR = {2008},
     PAGES = {Exp. No. 968, vii, 39--90},
      ISSN = {0303-1179},
      ISBN = {978-2-85629-253-2},
   MRCLASS = {11D45 (11Y16 14F20 14F30 14G10 14G15)},
  MRNUMBER = {2487730 (2010a:11048)},
MRREVIEWER = {Antonio Rojas Le{\'o}n},
}
@article {jis2014cdkd,
    AUTHOR = {Cloutier, Maurice-{\'E}tienne and De Koninck, Jean-Marie and
              Doyon, Nicolas},
     TITLE = {On the powerful and squarefree parts of an integer},
   JOURNAL = {J. Integer Seq.},
  FJOURNAL = {Journal of Integer Sequences},
    VOLUME = {17},
      YEAR = {2014},
    NUMBER = {8},
     PAGES = {Article 14.8.6, 28},
      ISSN = {1530-7638},
   MRCLASS = {11N37 (11A25)},
  MRNUMBER = {3248230},
MRREVIEWER = {Olivier Bordell{\`e}s},
}
@incollection {nt1984cl,
    AUTHOR = {Cohen, H. and Lenstra, Jr., H. W.},
     TITLE = {Heuristics on class groups of number fields},
 BOOKTITLE = {Number theory, {N}oordwijkerhout 1983 ({N}oordwijkerhout,
              1983)},
    SERIES = {Lecture Notes in Math.},
    VOLUME = {1068},
     PAGES = {33--62},
 PUBLISHER = {Springer, Berlin},
      YEAR = {1984},
   MRCLASS = {11R29 (13C13)},
  MRNUMBER = {756082 (85j:11144)},
MRREVIEWER = {F. J. van der Linden},
       DOI = {10.1007/BFb0099440},
       URL = {http://dx.doi.org/10.1007/BFb0099440},
}
@article {mc1984cl,
    AUTHOR = {Cohen, H. and Lenstra, Jr., H. W.},
     TITLE = {Primality testing and {J}acobi sums},
   JOURNAL = {Math. Comp.},
  FJOURNAL = {Mathematics of Computation},
    VOLUME = {42},
      YEAR = {1984},
    NUMBER = {165},
     PAGES = {297--330},
      ISSN = {0025-5718},
     CODEN = {MCMPAF},
   MRCLASS = {11Y11 (11A51)},
  MRNUMBER = {726006 (86g:11078)},
MRREVIEWER = {Carl Pomerance},
       DOI = {10.2307/2007581},
       URL = {http://dx.doi.org/10.2307/2007581},
}
@book {cox1989primes,
    AUTHOR = {Cox, David A.},
     TITLE = {Primes of the form {$x^2 + ny^2$}},
    SERIES = {Pure and Applied Mathematics (Hoboken)},
   EDITION = {Second},
      NOTE = {Fermat, class field theory, and complex multiplication},
 PUBLISHER = {John Wiley \& Sons, Inc., Hoboken, NJ},
      YEAR = {2013},
     PAGES = {xviii+356},
      ISBN = {978-1-118-39018-4},
   MRCLASS = {11A41 (11F11 11R11 11R16 11R18 11R37 11Y11)},
  MRNUMBER = {3236783},
MRREVIEWER = {Michael C. Berg},
       DOI = {10.1002/9781118400722},
       URL = {http://dx.doi.org/10.1002/9781118400722},
}
@article {ams2007edwards,
    AUTHOR = {Edwards, Harold M.},
     TITLE = {A normal form for elliptic curves},
   JOURNAL = {Bull. Amer. Math. Soc. (N.S.)},
  FJOURNAL = {American Mathematical Society. Bulletin. New Series},
    VOLUME = {44},
      YEAR = {2007},
    NUMBER = {3},
     PAGES = {393--422 (electronic)},
      ISSN = {0273-0979},
     CODEN = {BAMOAD},
   MRCLASS = {14H52 (33E05)},
  MRNUMBER = {2318157 (2008b:14052)},
MRREVIEWER = {Alain Kraus},
       DOI = {10.1090/S0273-0979-07-01153-6},
       URL = {http://dx.doi.org/10.1090/S0273-0979-07-01153-6},
}
@article {lms2000gm,
    AUTHOR = {Galbraith, Steven D. and McKee, James},
     TITLE = {The probability that the number of points on an elliptic curve
              over a finite field is prime},
   JOURNAL = {J. London Math. Soc. (2)},
  FJOURNAL = {Journal of the London Mathematical Society. Second Series},
    VOLUME = {62},
      YEAR = {2000},
    NUMBER = {3},
     PAGES = {671--684},
      ISSN = {0024-6107},
     CODEN = {JLMSAK},
   MRCLASS = {11G20 (14G15 14G50)},
  MRNUMBER = {1794276 (2001m:11099)},
MRREVIEWER = {Boris {\`E}. Kunyavski{\u\i}},
       DOI = {10.1112/S0024610700001502},
       URL = {http://dx.doi.org/10.1112/S0024610700001502},
}
@article {ams1989hmc,
    AUTHOR = {Hafner, James L. and McCurley, Kevin S.},
     TITLE = {A rigorous subexponential algorithm for computation of class
              groups},
   JOURNAL = {J. Amer. Math. Soc.},
  FJOURNAL = {Journal of the American Mathematical Society},
    VOLUME = {2},
      YEAR = {1989},
    NUMBER = {4},
     PAGES = {837--850},
      ISSN = {0894-0347},
   MRCLASS = {11Y40 (11R29)},
  MRNUMBER = {1002631 (91f:11090)},
MRREVIEWER = {Ren{\'e} Schoof},
       DOI = {10.2307/1990896},
       URL = {http://dx.doi.org/10.2307/1990896},
}
@article {cras1990louboutin,
    AUTHOR = {Louboutin, St{\'e}phane},
     TITLE = {Minorations (sous l'hypoth\`ese de {R}iemann
              g\'en\'eralis\'ee) des nombres de classes des corps
              quadratiques imaginaires. {A}pplication},
   JOURNAL = {C. R. Acad. Sci. Paris S\'er. I Math.},
  FJOURNAL = {Comptes Rendus de l'Acad\'emie des Sciences. S\'erie I.
              Math\'ematique},
    VOLUME = {310},
      YEAR = {1990},
    NUMBER = {12},
     PAGES = {795--800},
      ISSN = {0764-4442},
     CODEN = {CASMEI},
   MRCLASS = {11R29 (11M26 11R11)},
  MRNUMBER = {1058499 (91e:11126)},
MRREVIEWER = {Amara H{\'e}di},
}
@article {mc1987montgomery,
    AUTHOR = {Montgomery, Peter L.},
     TITLE = {Speeding the {P}ollard and elliptic curve methods of
              factorization},
   JOURNAL = {Math. Comp.},
  FJOURNAL = {Mathematics of Computation},
    VOLUME = {48},
      YEAR = {1987},
    NUMBER = {177},
     PAGES = {243--264},
      ISSN = {0025-5718},
     CODEN = {MCMPAF},
   MRCLASS = {11Y05 (11A51 68Q40)},
  MRNUMBER = {866113 (88e:11130)},
MRREVIEWER = {Kevin S. McCurley},
       DOI = {10.2307/2007888},
       URL = {http://dx.doi.org/10.2307/2007888},
}
@article {jtnb1995schoof,
    AUTHOR = {Schoof, Ren{\'e}},
     TITLE = {Counting points on elliptic curves over finite fields},
      NOTE = {Les Dix-huiti{\`e}mes Journ{\'e}es Arithm{\'e}tiques
              (Bordeaux, 1993)},
   JOURNAL = {J. Th\'eor. Nombres Bordeaux},
  FJOURNAL = {Journal de Th\'eorie des Nombres de Bordeaux},
    VOLUME = {7},
      YEAR = {1995},
    NUMBER = {1},
     PAGES = {219--254},
      ISSN = {1246-7405},
   MRCLASS = {11G20 (11Y50 14G15)},
  MRNUMBER = {1413578 (97i:11070)},
MRREVIEWER = {Joseph H. Silverman},
       URL = {http://jtnb.cedram.org/item?id=JTNB_1995__7_1_219_0},
}
@article {mc1985schoof,
    AUTHOR = {Schoof, Ren{\'e}},
     TITLE = {Elliptic curves over finite fields and the computation of
              square roots mod {$p$}},
   JOURNAL = {Math. Comp.},
  FJOURNAL = {Mathematics of Computation},
    VOLUME = {44},
      YEAR = {1985},
    NUMBER = {170},
     PAGES = {483--494},
      ISSN = {0025-5718},
     CODEN = {MCMPAF},
   MRCLASS = {11Y16 (11G20 14G15)},
  MRNUMBER = {777280 (86e:11122)},
MRREVIEWER = {Karl Rubin},
       DOI = {10.2307/2007968},
       URL = {http://dx.doi.org/10.2307/2007968},
}
@inproceedings{fcs1980adleman,
  author    = {Leonard M. Adleman},
  title     = {On Distinguishing Prime Numbers from Composite Numbers (Abstract)},
  booktitle = {21st Annual Symposium on Foundations of Computer Science, Syracuse,
               New York, USA, 13-15 October 1980},
  pages     = {387--406},
  year      = {1980},
  crossref  = {focs1980},
  url       = {http://dx.doi.org/10.1109/SFCS.1980.28},
  doi       = {10.1109/SFCS.1980.28},
  timestamp = {Tue, 16 Dec 2014 09:57:19 +0100},
  biburl    = {http://dblp.uni-trier.de/rec/bib/conf/focs/Adleman80},
  bibsource = {dblp computer science bibliography, http://dblp.org}
}
@article{eprint2013abgr,
  author    = {Diego F. Aranha and
               Paulo S. L. M. Barreto and
               C. C. F. Pereira Geovandro and
               Jefferson E. Ricardini},
  title     = {A note on high-security general-purpose elliptic curves},
  journal   = {{IACR} Cryptology ePrint Archive},
  volume    = {2013},
  pages     = {647},
  year      = {2013},
  url       = {http://eprint.iacr.org/2013/647},
  timestamp = {Sun, 20 Oct 2013 17:30:41 +0200},
  biburl    = {http://dblp.uni-trier.de/rec/bib/journals/iacr/AranhaBGR13},
  bibsource = {dblp computer science bibliography, http://dblp.org}
}
@article{jc1998bk,
  author    = {R. Balasubramanian and
               Neal Koblitz},
  title     = {The Improbability That an Elliptic Curve Has Subexponential Discrete
               Log Problem under the Menezes - Okamoto - Vanstone Algorithm},
  journal   = {J. Cryptology},
  volume    = {11},
  number    = {2},
  pages     = {141--145},
  year      = {1998},
  url       = {http://dx.doi.org/10.1007/s001459900040},
  doi       = {10.1007/s001459900040},
  timestamp = {Tue, 24 May 2011 14:18:05 +0200},
  biburl    = {http://dblp.uni-trier.de/rec/bib/journals/joc/BalasubramanianK98},
  bibsource = {dblp computer science bibliography, http://dblp.org}
}
@inproceedings{euro2014bgjt,
  author    = {Razvan Barbulescu and
               Pierrick Gaudry and
               Antoine Joux and
               Emmanuel Thom{\'{e}}},
  title     = {A Heuristic Quasi-Polynomial Algorithm for Discrete Logarithm in Finite
               Fields of Small Characteristic},
  booktitle = {Advances in Cryptology - {EUROCRYPT} 2014 - 33rd Annual International
               Conference on the Theory and Applications of Cryptographic Techniques,
               Copenhagen, Denmark, May 11-15, 2014. Proceedings},
  pages     = {1--16},
  year      = {2014},
  crossref  = {euro2014},
  url       = {http://dx.doi.org/10.1007/978-3-642-55220-5_1},
  doi       = {10.1007/978-3-642-55220-5_1},
  timestamp = {Fri, 02 May 2014 13:38:39 +0200},
  biburl    = {http://dblp.uni-trier.de/rec/bib/conf/eurocrypt/BarbulescuGJT14},
  bibsource = {dblp computer science bibliography, http://dblp.org}
}
@inproceedings{ches2014bpsy,
  author    = {Naomi Benger and
               Joop van de Pol and
               Nigel P. Smart and
               Yuval Yarom},
  title     = {"Ooh Aah... Just a Little Bit" : {A} Small Amount of Side Channel
               Can Go a Long Way},
  booktitle = {Cryptographic Hardware and Embedded Systems - {CHES} 2014 - 16th International
               Workshop, Busan, South Korea, September 23-26, 2014. Proceedings},
  pages     = {75--92},
  year      = {2014},
  crossref  = {ches2014},
  url       = {http://dx.doi.org/10.1007/978-3-662-44709-3_5},
  doi       = {10.1007/978-3-662-44709-3_5},
  timestamp = {Mon, 15 Sep 2014 12:09:43 +0200},
  biburl    = {http://dblp.uni-trier.de/rec/bib/conf/ches/BengerPSY14},
  bibsource = {dblp computer science bibliography, http://dblp.org}
}
@inproceedings{pkc2006bernstein,
  author    = {Daniel J. Bernstein},
  title     = {Curve25519: New Diffie-Hellman Speed Records},
  booktitle = {Public Key Cryptography - {PKC} 2006, 9th International Conference
               on Theory and Practice of Public-Key Cryptography, New York, NY, USA,
               April 24-26, 2006, Proceedings},
  pages     = {207--228},
  year      = {2006},
  crossref  = {pkc2006},
  url       = {http://dx.doi.org/10.1007/11745853_14},
  doi       = {10.1007/11745853_14},
  timestamp = {Thu, 20 Apr 2006 08:44:22 +0200},
  biburl    = {http://dblp.uni-trier.de/rec/bib/conf/pkc/Bernstein06},
  bibsource = {dblp computer science bibliography, http://dblp.org}
}
@inproceedings{africa2008bbjl,
  author    = {Daniel J. Bernstein and
               Peter Birkner and
               Marc Joye and
               Tanja Lange and
               Christiane Peters},
  title     = {Twisted Edwards Curves},
  booktitle = {Progress in Cryptology - {AFRICACRYPT} 2008, First International Conference
               on Cryptology in Africa, Casablanca, Morocco, June 11-14, 2008. Proceedings},
  pages     = {389--405},
  year      = {2008},
  crossref  = {africa2008},
  url       = {http://dx.doi.org/10.1007/978-3-540-68164-9_26},
  doi       = {10.1007/978-3-540-68164-9_26},
  timestamp = {Mon, 09 Jun 2008 14:15:37 +0200},
  biburl    = {http://dblp.uni-trier.de/rec/bib/conf/africacrypt/BernsteinBJLP08},
  bibsource = {dblp computer science bibliography, http://dblp.org}
}
@article{amc2010biasse,
  author    = {Jean{-}Fran{\c{c}}ois Biasse},
  title     = {Improvements in the computation of ideal class groups of imaginary
               quadratic number fields},
  journal   = {Adv. in Math. of Comm.},
  volume    = {4},
  number    = {2},
  pages     = {141--154},
  year      = {2010},
  url       = {http://dx.doi.org/10.3934/amc.2010.4.141},
  doi       = {10.3934/amc.2010.4.141},
  timestamp = {Tue, 29 Oct 2013 17:58:36 +0100},
  biburl    = {http://dblp.uni-trier.de/rec/bib/journals/amco/Biasse10},
  bibsource = {dblp computer science bibliography, http://dblp.org}
}
@inproceedings{aaec2003bj,
  author    = {Olivier Billet and
               Marc Joye},
  title     = {The Jacobi Model of an Elliptic Curve and Side-Channel Analysis},
  booktitle = {Applied Algebra, Algebraic Algorithms and Error-Correcting Codes,
               15th International Symposium, AAECC-15, Toulouse, France, May 12-16,
               2003, Proceedings},
  pages     = {34--42},
  year      = {2003},
  crossref  = {aaecc2003},
  url       = {http://dx.doi.org/10.1007/3-540-44828-4_5},
  doi       = {10.1007/3-540-44828-4_5},
  timestamp = {Sun, 20 Sep 2009 19:09:13 +0200},
  biburl    = {http://dblp.uni-trier.de/rec/bib/conf/aaecc/BilletJ03},
  bibsource = {dblp computer science bibliography, http://dblp.org}
}
@article{jmc2012bisson,
  author    = {Gaetan Bisson},
  title     = {Computing endomorphism rings of elliptic curves under the {GRH}},
  journal   = {J. Mathematical Cryptology},
  volume    = {5},
  number    = {2},
  pages     = {101--114},
  year      = {2012},
  url       = {http://dx.doi.org/10.1515/jmc.2011.008},
  doi       = {10.1515/jmc.2011.008},
  timestamp = {Tue, 08 Jan 2013 19:28:31 +0100},
  biburl    = {http://dblp.uni-trier.de/rec/bib/journals/jmc/Bisson12},
  bibsource = {dblp computer science bibliography, http://dblp.org}
}
@inproceedings{crypto2001bf,
  author    = {Dan Boneh and
               Matthew K. Franklin},
  title     = {Identity-Based Encryption from the Weil Pairing},
  booktitle = {Advances in Cryptology - {CRYPTO} 2001, 21st Annual International
               Cryptology Conference, Santa Barbara, California, USA, August 19-23,
               2001, Proceedings},
  pages     = {213--229},
  year      = {2001},
  crossref  = {crypto2001},
  url       = {http://dx.doi.org/10.1007/3-540-44647-8_13},
  doi       = {10.1007/3-540-44647-8_13},
  timestamp = {Fri, 18 Sep 2009 12:32:13 +0200},
  biburl    = {http://dblp.uni-trier.de/rec/bib/conf/crypto/BonehF01},
  bibsource = {dblp computer science bibliography, http://dblp.org}
}
@article{siam2003bf,
  author    = {Dan Boneh and
               Matthew K. Franklin},
  title     = {Identity-Based Encryption from the Weil Pairing},
  journal   = {{SIAM} J. Comput.},
  volume    = {32},
  number    = {3},
  pages     = {586--615},
  year      = {2003},
  url       = {http://dx.doi.org/10.1137/S0097539701398521},
  doi       = {10.1137/S0097539701398521},
  timestamp = {Mon, 12 Sep 2011 16:10:09 +0200},
  biburl    = {http://dblp.uni-trier.de/rec/bib/journals/siamcomp/BonehF03},
  bibsource = {dblp computer science bibliography, http://dblp.org}
}
@article{jc2004bls,
  author    = {Dan Boneh and
               Ben Lynn and
               Hovav Shacham},
  title     = {Short Signatures from the Weil Pairing},
  journal   = {J. Cryptology},
  volume    = {17},
  number    = {4},
  pages     = {297--319},
  year      = {2004},
  url       = {http://dx.doi.org/10.1007/s00145-004-0314-9},
  doi       = {10.1007/s00145-004-0314-9},
  timestamp = {Mon, 11 Oct 2004 15:42:04 +0200},
  biburl    = {http://dblp.uni-trier.de/rec/bib/journals/joc/BonehLS04},
  bibsource = {dblp computer science bibliography, http://dblp.org}
}
@article{eprint2014bcln,
  author    = {Joppe W. Bos and
               Craig Costello and
               Patrick Longa and
               Michael Naehrig},
  title     = {Selecting Elliptic Curves for Cryptography: An Efficiency and Security
               Analysis},
  journal   = {{IACR} Cryptology ePrint Archive},
  volume    = {2014},
  pages     = {130},
  year      = {2014},
  url       = {http://eprint.iacr.org/2014/130},
  timestamp = {Wed, 26 Feb 2014 15:44:48 +0100},
  biburl    = {http://dblp.uni-trier.de/rec/bib/journals/iacr/BosCLN14},
  bibsource = {dblp computer science bibliography, http://dblp.org}
}
@inproceedings{ches2005dkj,
  author    = {William Dupuy and
               S{\'{e}}bastien Kunz{-}Jacques},
  title     = {Resistance of Randomized Projective Coordinates Against Power Analysis},
  booktitle = {Cryptographic Hardware and Embedded Systems - {CHES} 2005, 7th International
               Workshop, Edinburgh, UK, August 29 - September 1, 2005, Proceedings},
  pages     = {1--14},
  year      = {2005},
  crossref  = {ches2005},
  url       = {http://dx.doi.org/10.1007/11545262_1},
  doi       = {10.1007/11545262_1},
  timestamp = {Wed, 21 Sep 2005 15:43:48 +0200},
  biburl    = {http://dblp.uni-trier.de/rec/bib/conf/ches/DupuyK05},
  bibsource = {dblp computer science bibliography, http://dblp.org}
}
@inproceedings{asia1999dgm,
  author    = {Iwan M. Duursma and
               Pierrick Gaudry and
               Fran{\c{c}}ois Morain},
  title     = {Speeding up the Discrete Log Computation on Curves with Automorphisms},
  booktitle = {Advances in Cryptology - {ASIACRYPT} '99, International Conference
               on the Theory and Applications of Cryptology and Information Security,
               Singapore, November 14-18, 1999, Proceedings},
  pages     = {103--121},
  year      = {1999},
  crossref  = {asia1999},
  url       = {http://dx.doi.org/10.1007/978-3-540-48000-6_10},
  doi       = {10.1007/978-3-540-48000-6_10},
  timestamp = {Mon, 02 Mar 2015 16:46:38 +0100},
  biburl    = {http://dblp.uni-trier.de/rec/bib/conf/asiacrypt/DuursmaGM99},
  bibsource = {dblp computer science bibliography, http://dblp.org}
}
@inproceedings{space2014em,
  author    = {Andreas Enge and
               J{\'{e}}r{\^{o}}me Milan},
  title     = {Implementing Cryptographic Pairings at Standard Security Levels},
  booktitle = {Security, Privacy, and Applied Cryptography Engineering - 4th International
               Conference, {SPACE} 2014, Pune, India, October 18-22, 2014. Proceedings},
  pages     = {28--46},
  year      = {2014},
  crossref  = {space2014},
  url       = {http://dx.doi.org/10.1007/978-3-319-12060-7_3},
  doi       = {10.1007/978-3-319-12060-7_3},
  timestamp = {Thu, 09 Oct 2014 14:34:04 +0200},
  biburl    = {http://dblp.uni-trier.de/rec/bib/conf/space/EngeM14},
  bibsource = {dblp computer science bibliography, http://dblp.org}
}
@article{jc2014fghr,
  author    = {Jean{-}Charles Faug{\`{e}}re and
               Pierrick Gaudry and
               Louise Huot and
               Gu{\'{e}}na{\"{e}}l Renault},
  title     = {Using Symmetries in the Index Calculus for Elliptic Curves Discrete
               Logarithm},
  journal   = {J. Cryptology},
  volume    = {27},
  number    = {4},
  pages     = {595--635},
  year      = {2014},
  url       = {http://dx.doi.org/10.1007/s00145-013-9158-5},
  doi       = {10.1007/s00145-013-9158-5},
  timestamp = {Wed, 03 Sep 2014 15:03:15 +0200},
  biburl    = {http://dblp.uni-trier.de/rec/bib/journals/joc/FaugereGHR14},
  bibsource = {dblp computer science bibliography, http://dblp.org}
}
@inproceedings{indo2014frv,
  author    = {Benoit Feix and
               Myl{\`{e}}ne Roussellet and
               Alexandre Venelli},
  title     = {Side-Channel Analysis on Blinded Regular Scalar Multiplications},
  booktitle = {Progress in Cryptology - {INDOCRYPT} 2014 - 15th International Conference
               on Cryptology in India, New Delhi, India, December 14-17, 2014, Proceedings},
  pages     = {3--20},
  year      = {2014},
  crossref  = {indo2014},
  url       = {http://dx.doi.org/10.1007/978-3-319-13039-2_1},
  doi       = {10.1007/978-3-319-13039-2_1},
  timestamp = {Mon, 03 Nov 2014 13:30:01 +0100},
  biburl    = {http://dblp.uni-trier.de/rec/bib/conf/indocrypt/FeixRV14},
  bibsource = {dblp computer science bibliography, http://dblp.org}
}
@inproceedings{fdtc2008flrv,
  author    = {Pierre{-}Alain Fouque and
               Reynald Lercier and
               Denis R{\'{e}}al and
               Fr{\'{e}}d{\'{e}}ric Valette},
  title     = {Fault Attack onElliptic Curve Montgomery Ladder Implementation},
  booktitle = {Fifth International Workshop on Fault Diagnosis and Tolerance in Cryptography,
               2008, {FDTC} 2008, Washington, DC, USA, 10 August 2008},
  pages     = {92--98},
  year      = {2008},
  crossref  = {fdtc2008},
  url       = {http://dx.doi.org/10.1109/FDTC.2008.15},
  doi       = {10.1109/FDTC.2008.15},
  timestamp = {Sun, 19 Apr 2009 16:26:17 +0200},
  biburl    = {http://dblp.uni-trier.de/rec/bib/conf/fdtc/FouqueLRV08},
  bibsource = {dblp computer science bibliography, http://dblp.org}
}
@article{jc2010fst,
  author    = {David Freeman and
               Michael Scott and
               Edlyn Teske},
  title     = {A Taxonomy of Pairing-Friendly Elliptic Curves},
  journal   = {J. Cryptology},
  volume    = {23},
  number    = {2},
  pages     = {224--280},
  year      = {2010},
  url       = {http://dx.doi.org/10.1007/s00145-009-9048-z},
  doi       = {10.1007/s00145-009-9048-z},
  timestamp = {Fri, 08 Apr 2011 12:25:20 +0200},
  biburl    = {http://dblp.uni-trier.de/rec/bib/journals/joc/FreemanST10},
  bibsource = {dblp computer science bibliography, http://dblp.org}
}
@article{jc2011gls,
  author    = {Steven D. Galbraith and
               Xibin Lin and
               Michael Scott},
  title     = {Endomorphisms for Faster Elliptic Curve Cryptography on a Large Class
               of Curves},
  journal   = {J. Cryptology},
  volume    = {24},
  number    = {3},
  pages     = {446--469},
  year      = {2011},
  url       = {http://dx.doi.org/10.1007/s00145-010-9065-y},
  doi       = {10.1007/s00145-010-9065-y},
  timestamp = {Tue, 24 May 2011 11:14:01 +0200},
  biburl    = {http://dblp.uni-trier.de/rec/bib/journals/joc/GalbraithLS11},
  bibsource = {dblp computer science bibliography, http://dblp.org}
}
@article{mc2000glv,
  author    = {Robert P. Gallant and
               Robert J. Lambert and
               Scott A. Vanstone},
  title     = {Improving the parallelized Pollard lambda search on anomalous binary
               curves},
  journal   = {Math. Comput.},
  volume    = {69},
  number    = {232},
  pages     = {1699--1705},
  year      = {2000},
  url       = {http://dx.doi.org/10.1090/S0025-5718-99-01119-9},
  doi       = {10.1090/S0025-5718-99-01119-9},
  timestamp = {Mon, 14 Feb 2011 15:36:58 +0100},
  biburl    = {http://dblp.uni-trier.de/rec/bib/journals/moc/GallantLV00},
  bibsource = {dblp computer science bibliography, http://dblp.org}
}
@inproceedings{crypto2001glv,
  author    = {Robert P. Gallant and
               Robert J. Lambert and
               Scott A. Vanstone},
  title     = {Faster Point Multiplication on Elliptic Curves with Efficient Endomorphisms},
  booktitle = {Advances in Cryptology - {CRYPTO} 2001, 21st Annual International
               Cryptology Conference, Santa Barbara, California, USA, August 19-23,
               2001, Proceedings},
  pages     = {190--200},
  year      = {2001},
  crossref  = {crypto2001},
  url       = {http://dx.doi.org/10.1007/3-540-44647-8_11},
  doi       = {10.1007/3-540-44647-8_11},
  timestamp = {Fri, 18 Sep 2009 12:32:13 +0200},
  biburl    = {http://dblp.uni-trier.de/rec/bib/conf/crypto/GallantLV01},
  bibsource = {dblp computer science bibliography, http://dblp.org}
}
@article{jc2002ghs,
  author    = {Pierrick Gaudry and
               Florian Hess and
               Nigel P. Smart},
  title     = {Constructive and Destructive Facets of Weil Descent on Elliptic Curves},
  journal   = {J. Cryptology},
  volume    = {15},
  number    = {1},
  pages     = {19--46},
  year      = {2002},
  url       = {http://dx.doi.org/10.1007/s00145-001-0011-x},
  doi       = {10.1007/s00145-001-0011-x},
  timestamp = {Tue, 24 May 2011 14:18:09 +0200},
  biburl    = {http://dblp.uni-trier.de/rec/bib/journals/joc/GaudryHS02},
  bibsource = {dblp computer science bibliography, http://dblp.org}
}
@inproceedings{pkc2003goubin,
  author    = {Louis Goubin},
  title     = {A Refined Power-Analysis Attack on Elliptic Curve Cryptosystems},
  booktitle = {Public Key Cryptography - {PKC} 2003, 6th International Workshop on
               Theory and Practice in Public Key Cryptography, Miami, FL, USA, January
               6-8, 2003, Proceedings},
  pages     = {199--210},
  year      = {2003},
  crossref  = {pkc2003},
  url       = {http://dx.doi.org/10.1007/3-540-36288-6_15},
  doi       = {10.1007/3-540-36288-6_15},
  timestamp = {Mon, 04 Jul 2011 09:38:40 +0200},
  biburl    = {http://dblp.uni-trier.de/rec/bib/conf/pkc/Goubin03},
  bibsource = {dblp computer science bibliography, http://dblp.org}
}
@article{mc2013gm,
  author    = {Robert Granger and
               Andrew Moss},
  title     = {Generalised Mersenne numbers revisited},
  journal   = {Math. Comput.},
  volume    = {82},
  number    = {284},
  year      = {2013},
  url       = {http://dx.doi.org/10.1090/S0025-5718-2013-02704-4},
  doi       = {10.1090/S0025-5718-2013-02704-4},
  timestamp = {Thu, 04 Sep 2014 14:01:38 +0200},
  biburl    = {http://dblp.uni-trier.de/rec/bib/journals/moc/GrangerM13},
  bibsource = {dblp computer science bibliography, http://dblp.org}
}
@article{dcc2000ksst,
  author    = {Michael J. Jacobson Jr. and
               Neal Koblitz and
               Joseph H. Silverman and
               Andreas Stein and
               Edlyn Teske},
  title     = {Analysis of the Xedni Calculus Attack},
  journal   = {Des. Codes Cryptography},
  volume    = {20},
  number    = {1},
  pages     = {1--64},
  year      = {2000},
  timestamp = {Mon, 06 Mar 2006 14:27:17 +0100},
  biburl    = {http://dblp.uni-trier.de/rec/bib/journals/dcc/JacobsonKSST00},
  bibsource = {dblp computer science bibliography, http://dblp.org}
}
@article{jc2004joux,
  author    = {Antoine Joux},
  title     = {A One Round Protocol for Tripartite Diffie-Hellman},
  journal   = {J. Cryptology},
  volume    = {17},
  number    = {4},
  pages     = {263--276},
  year      = {2004},
  url       = {http://dx.doi.org/10.1007/s00145-004-0312-y},
  doi       = {10.1007/s00145-004-0312-y},
  timestamp = {Mon, 11 Oct 2004 15:42:04 +0200},
  biburl    = {http://dblp.uni-trier.de/rec/bib/journals/joc/Joux04},
  bibsource = {dblp computer science bibliography, http://dblp.org}
}
@article{jc2013jv,
  author    = {Antoine Joux and
               Vanessa Vitse},
  title     = {Elliptic Curve Discrete Logarithm Problem over Small Degree Extension
               Fields - Application to the Static Diffie-Hellman Problem on {\textdollar}E({\textbackslash}mathbb\{F\}{\_}\{q{\^{}}\{5\}\}){\textdollar}},
  journal   = {J. Cryptology},
  volume    = {26},
  number    = {1},
  pages     = {119--143},
  year      = {2013},
  url       = {http://dx.doi.org/10.1007/s00145-011-9116-z},
  doi       = {10.1007/s00145-011-9116-z},
  timestamp = {Wed, 23 Jan 2013 09:45:11 +0100},
  biburl    = {http://dblp.uni-trier.de/rec/bib/journals/joc/JouxV13},
  bibsource = {dblp computer science bibliography, http://dblp.org}
}
@inproceedings{crypto1997ll,
  author    = {Chae Hoon Lim and
               Pil Joong Lee},
  title     = {A Key Recovery Attack on Discrete Log-based Schemes Using a Prime
               Order Subgroupp},
  booktitle = {Advances in Cryptology - {CRYPTO} '97, 17th Annual International Cryptology
               Conference, Santa Barbara, California, USA, August 17-21, 1997, Proceedings},
  pages     = {249--263},
  year      = {1997},
  crossref  = {crypto1997},
  url       = {http://dx.doi.org/10.1007/BFb0052240},
  doi       = {10.1007/BFb0052240},
  timestamp = {Fri, 18 Sep 2009 11:29:41 +0200},
  biburl    = {http://dblp.uni-trier.de/rec/bib/conf/crypto/LimL97},
  bibsource = {dblp computer science bibliography, http://dblp.org}
}
@article{eprint2014brainpool,
  author    = {Manfred Lochter and
               Johannes Merkle and
               J{\"{o}}rn{-}Marc Schmidt and
               Torsten Sch{\"{u}}tze},
  title     = {Requirements for Standard Elliptic Curves},
  journal   = {{IACR} Cryptology ePrint Archive},
  volume    = {2014},
  pages     = {832},
  year      = {2014},
  url       = {http://eprint.iacr.org/2014/832},
  timestamp = {Sun, 16 Nov 2014 20:34:26 +0100},
  biburl    = {http://dblp.uni-trier.de/rec/bib/journals/iacr/LochterMSS14},
  bibsource = {dblp computer science bibliography, http://dblp.org}
}
@inproceedings{ches2004mmm,
  author    = {Hideyo Mamiya and
               Atsuko Miyaji and
               Hiroaki Morimoto},
  title     = {Efficient Countermeasures against RPA, DPA, and {SPA}},
  booktitle = {Cryptographic Hardware and Embedded Systems - {CHES} 2004: 6th International
               Workshop Cambridge, MA, USA, August 11-13, 2004. Proceedings},
  pages     = {343--356},
  year      = {2004},
  crossref  = {ches2004},
  url       = {http://dx.doi.org/10.1007/978-3-540-28632-5_25},
  doi       = {10.1007/978-3-540-28632-5_25},
  timestamp = {Thu, 07 Jul 2011 15:50:14 +0200},
  biburl    = {http://dblp.uni-trier.de/rec/bib/conf/ches/MamiyaMM04},
  bibsource = {dblp computer science bibliography, http://dblp.org}
}
@inproceedings{rsa2004mtw,
  author    = {Alfred Menezes and
               Edlyn Teske and
               Annegret Weng},
  title     = {Weak Fields for {ECC}},
  booktitle = {Topics in Cryptology - {CT-RSA} 2004, The Cryptographers' Track at
               the {RSA} Conference 2004, San Francisco, CA, USA, February 23-27,
               2004, Proceedings},
  pages     = {366--386},
  year      = {2004},
  crossref  = {rsa2004},
  url       = {http://dx.doi.org/10.1007/978-3-540-24660-2_28},
  doi       = {10.1007/978-3-540-24660-2_28},
  timestamp = {Wed, 06 Jul 2011 21:21:33 +0200},
  biburl    = {http://dblp.uni-trier.de/rec/bib/conf/ctrsa/MenezesTW04},
  bibsource = {dblp computer science bibliography, http://dblp.org}
}
@inproceedings{sac2011plut,
  author    = {J{\'{e}}r{\^{o}}me Pl{\^{u}}t},
  title     = {On Various Families of Twisted Jacobi Quartics},
  booktitle = {Selected Areas in Cryptography - 18th International Workshop, {SAC}
               2011, Toronto, ON, Canada, August 11-12, 2011, Revised Selected Papers},
  pages     = {373--383},
  year      = {2011},
  crossref  = {sac2011},
  url       = {http://dx.doi.org/10.1007/978-3-642-28496-0_22},
  doi       = {10.1007/978-3-642-28496-0_22},
  timestamp = {Thu, 23 Feb 2012 18:12:41 +0100},
  biburl    = {http://dblp.uni-trier.de/rec/bib/conf/sacrypt/Plut11},
  bibsource = {dblp computer science bibliography, http://dblp.org}
}
@article{eprint2014psy,
  author    = {Joop van de Pol and
               Nigel P. Smart and
               Yuval Yarom},
  title     = {Just a Little Bit More},
  journal   = {{IACR} Cryptology ePrint Archive},
  volume    = {2014},
  pages     = {434},
  year      = {2014},
  url       = {http://eprint.iacr.org/2014/434},
  timestamp = {Sat, 14 Jun 2014 15:50:28 +0200},
  biburl    = {http://dblp.uni-trier.de/rec/bib/journals/iacr/PolSY14},
  bibsource = {dblp computer science bibliography, http://dblp.org},
  note      = {To appear in the proceedings of CT-RSA 2015},
}
@inproceedings{ics2005ss,
  author    = {Yasuyuki Sakai and
               Kouichi Sakurai},
  title     = {Simple Power Analysis on Fast Modular Reduction with {NIST} Recommended
               Elliptic Curves},
  booktitle = {Information and Communications Security, 7th International Conference,
               {ICICS} 2005, Beijing, China, December 10-13, 2005, Proceedings},
  pages     = {169--180},
  year      = {2005},
  crossref  = {ics2005},
  url       = {http://dx.doi.org/10.1007/11602897_15},
  doi       = {10.1007/11602897_15},
  timestamp = {Wed, 07 Dec 2005 14:49:20 +0100},
  biburl    = {http://dblp.uni-trier.de/rec/bib/conf/icics/SakaiS05},
  bibsource = {dblp computer science bibliography, http://dblp.org}
}
@article{ieice2006ss,
  author    = {Yasuyuki Sakai and
               Kouichi Sakurai},
  title     = {Simple Power Analysis on Fast Modular Reduction with Generalized Mersenne
               Prime for Elliptic Curve Cryptosystems},
  journal   = {{IEICE} Transactions},
  volume    = {89-A},
  number    = {1},
  pages     = {231--237},
  year      = {2006},
  url       = {http://dx.doi.org/10.1093/ietfec/e89-a.1.231},
  doi       = {10.1093/ietfec/e89-a.1.231},
  timestamp = {Thu, 17 Jan 2008 10:12:53 +0100},
  biburl    = {http://dblp.uni-trier.de/rec/bib/journals/ieicet/SakaiS06},
  bibsource = {dblp computer science bibliography, http://dblp.org}
}
@article{dcc2000silverman,
  author    = {Joseph H. Silverman},
  title     = {The Xedni Calculus and the Elliptic Curve Discrete Logarithm Problem},
  journal   = {Des. Codes Cryptography},
  volume    = {20},
  number    = {1},
  pages     = {5--40},
  year      = {2000},
  timestamp = {Thu, 05 Feb 2004 13:24:48 +0100},
  biburl    = {http://dblp.uni-trier.de/rec/bib/journals/dcc/Silverman00},
  bibsource = {dblp computer science bibliography, http://dblp.org}
}
@inproceedings{sac2008silverman,
  author    = {Joseph H. Silverman},
  title     = {Lifting and Elliptic Curve Discrete Logarithms},
  booktitle = {Selected Areas in Cryptography, 15th International Workshop, {SAC}
               2008, Sackville, New Brunswick, Canada, August 14-15, Revised Selected
               Papers},
  pages     = {82--102},
  year      = {2008},
  crossref  = {sac2008},
  url       = {http://dx.doi.org/10.1007/978-3-642-04159-4_6},
  doi       = {10.1007/978-3-642-04159-4_6},
  timestamp = {Wed, 16 Dec 2009 09:42:23 +0100},
  biburl    = {http://dblp.uni-trier.de/rec/bib/conf/sacrypt/Silverman08},
  bibsource = {dblp computer science bibliography, http://dblp.org}
}
@inproceedings{asia1998ss,
  author    = {Joseph H. Silverman and
               Joe Suzuki},
  title     = {Elliptic Curve Discrete Logarithms and the Index Calculus},
  booktitle = {Advances in Cryptology - {ASIACRYPT} '98, International Conference
               on the Theory and Applications of Cryptology and Information Security,
               Beijing, China, October 18-22, 1998, Proceedings},
  pages     = {110--125},
  year      = {1998},
  crossref  = {asia1998},
  url       = {http://dx.doi.org/10.1007/3-540-49649-1_10},
  doi       = {10.1007/3-540-49649-1_10},
  timestamp = {Fri, 17 Jun 2011 14:09:56 +0200},
  biburl    = {http://dblp.uni-trier.de/rec/bib/conf/asiacrypt/SilvermanS98},
  bibsource = {dblp computer science bibliography, http://dblp.org}
}
@inproceedings{asia2013smith,
  author    = {Benjamin Smith},
  title     = {Families of Fast Elliptic Curves from {\(\mathbb{Q}\)}-curves},
  booktitle = {Advances in Cryptology - {ASIACRYPT} 2013 - 19th International Conference
               on the Theory and Application of Cryptology and Information Security,
               Bengaluru, India, December 1-5, 2013, Proceedings, Part {I}},
  pages     = {61--78},
  year      = {2013},
  crossref  = {asia2013-1},
  url       = {http://dx.doi.org/10.1007/978-3-642-42033-7_4},
  doi       = {10.1007/978-3-642-42033-7_4},
  timestamp = {Thu, 12 Dec 2013 14:55:38 +0100},
  biburl    = {http://dblp.uni-trier.de/rec/bib/conf/asiacrypt/Smith13},
  bibsource = {dblp computer science bibliography, http://dblp.org}
}
@article{corr2014smith,
  author    = {Benjamin Smith},
  title     = {The Q-curve construction for endomorphism-accelerated elliptic curves},
  journal   = {CoRR},
  volume    = {abs/1409.4526},
  year      = {2014},
  url       = {http://arxiv.org/abs/1409.4526},
  timestamp = {Wed, 01 Oct 2014 15:00:04 +0200},
  biburl    = {http://dblp.uni-trier.de/rec/bib/journals/corr/Smith14c},
  bibsource = {dblp computer science bibliography, http://dblp.org},
  note={To appear in the {Journal of Cryptology}},
}
@article{jc2006teske,
  author    = {Edlyn Teske},
  title     = {An Elliptic Curve Trapdoor System},
  journal   = {J. Cryptology},
  volume    = {19},
  number    = {1},
  pages     = {115--133},
  year      = {2006},
  url       = {http://dx.doi.org/10.1007/s00145-004-0328-3},
  doi       = {10.1007/s00145-004-0328-3},
  timestamp = {Mon, 08 May 2006 10:42:50 +0200},
  biburl    = {http://dblp.uni-trier.de/rec/bib/journals/joc/Teske06},
  bibsource = {dblp computer science bibliography, http://dblp.org}
}
@proceedings{focs1980,
  title     = {21st Annual Symposium on Foundations of Computer Science, Syracuse,
               New York, USA, 13-15 October 1980},
  publisher = {{IEEE} Computer Society},
  year      = {1980},
  url       = {http://ieeexplore.ieee.org/xpl/mostRecentIssue.jsp?punumber=4567793},
  timestamp = {Mon, 15 Dec 2014 18:48:44 +0100},
  biburl    = {http://dblp.uni-trier.de/rec/bib/conf/focs/FOCS21},
  bibsource = {dblp computer science bibliography, http://dblp.org}
}
@proceedings{crypto1997,
  editor    = {Burton S. Kaliski Jr.},
  title     = {Advances in Cryptology - {CRYPTO} '97, 17th Annual International Cryptology
               Conference, Santa Barbara, California, USA, August 17-21, 1997, Proceedings},
  series    = {Lecture Notes in Computer Science},
  volume    = {1294},
  publisher = {Springer},
  year      = {1997},
  isbn      = {3-540-63384-7},
  timestamp = {Thu, 03 Jan 2002 11:55:47 +0100},
  biburl    = {http://dblp.uni-trier.de/rec/bib/conf/crypto/1997},
  bibsource = {dblp computer science bibliography, http://dblp.org}
}
@proceedings{asia1998,
  editor    = {Kazuo Ohta and
               Dingyi Pei},
  title     = {Advances in Cryptology - {ASIACRYPT} '98, International Conference
               on the Theory and Applications of Cryptology and Information Security,
               Beijing, China, October 18-22, 1998, Proceedings},
  series    = {Lecture Notes in Computer Science},
  volume    = {1514},
  publisher = {Springer},
  year      = {1998},
  isbn      = {3-540-65109-8},
  timestamp = {Thu, 02 Jan 2003 12:45:10 +0100},
  biburl    = {http://dblp.uni-trier.de/rec/bib/conf/asiacrypt/1998},
  bibsource = {dblp computer science bibliography, http://dblp.org}
}
@proceedings{asia1999,
  editor    = {Kwok{-}Yan Lam and
               Eiji Okamoto and
               Chaoping Xing},
  title     = {Advances in Cryptology - {ASIACRYPT} '99, International Conference
               on the Theory and Applications of Cryptology and Information Security,
               Singapore, November 14-18, 1999, Proceedings},
  series    = {Lecture Notes in Computer Science},
  volume    = {1716},
  publisher = {Springer},
  year      = {1999},
  url       = {http://dx.doi.org/10.1007/b72231},
  doi       = {10.1007/b72231},
  isbn      = {3-540-66666-4},
  timestamp = {Mon, 02 Mar 2015 16:46:38 +0100},
  biburl    = {http://dblp.uni-trier.de/rec/bib/conf/asiacrypt/1999},
  bibsource = {dblp computer science bibliography, http://dblp.org}
}
@proceedings{crypto2001,
  editor    = {Joe Kilian},
  title     = {Advances in Cryptology - {CRYPTO} 2001, 21st Annual International
               Cryptology Conference, Santa Barbara, California, USA, August 19-23,
               2001, Proceedings},
  series    = {Lecture Notes in Computer Science},
  volume    = {2139},
  publisher = {Springer},
  year      = {2001},
  isbn      = {3-540-42456-3},
  timestamp = {Thu, 04 Jul 2002 10:11:11 +0200},
  biburl    = {http://dblp.uni-trier.de/rec/bib/conf/crypto/2001},
  bibsource = {dblp computer science bibliography, http://dblp.org}
}
@proceedings{aaecc2003,
  editor    = {Marc P. C. Fossorier and
               Tom H{\o}holdt and
               Alain Poli},
  title     = {Applied Algebra, Algebraic Algorithms and Error-Correcting Codes,
               15th International Symposium, AAECC-15, Toulouse, France, May 12-16,
               2003, Proceedings},
  series    = {Lecture Notes in Computer Science},
  volume    = {2643},
  publisher = {Springer},
  year      = {2003},
  isbn      = {3-540-40111-3},
  timestamp = {Wed, 07 May 2003 15:22:35 +0200},
  biburl    = {http://dblp.uni-trier.de/rec/bib/conf/aaecc/2003},
  bibsource = {dblp computer science bibliography, http://dblp.org}
}
@proceedings{pkc2003,
  editor    = {Yvo Desmedt},
  title     = {Public Key Cryptography - {PKC} 2003, 6th International Workshop on
               Theory and Practice in Public Key Cryptography, Miami, FL, USA, January
               6-8, 2003, Proceedings},
  series    = {Lecture Notes in Computer Science},
  volume    = {2567},
  publisher = {Springer},
  year      = {2002},
  isbn      = {3-540-00324-X},
  timestamp = {Wed, 08 Jan 2003 09:11:08 +0100},
  biburl    = {http://dblp.uni-trier.de/rec/bib/conf/pkc/2003},
  bibsource = {dblp computer science bibliography, http://dblp.org}
}
@proceedings{ches2004,
  editor    = {Marc Joye and
               Jean{-}Jacques Quisquater},
  title     = {Cryptographic Hardware and Embedded Systems - {CHES} 2004: 6th International
               Workshop Cambridge, MA, USA, August 11-13, 2004. Proceedings},
  series    = {Lecture Notes in Computer Science},
  volume    = {3156},
  publisher = {Springer},
  year      = {2004},
  isbn      = {3-540-22666-4},
  timestamp = {Mon, 12 Jul 2004 09:33:11 +0200},
  biburl    = {http://dblp.uni-trier.de/rec/bib/conf/ches/2004},
  bibsource = {dblp computer science bibliography, http://dblp.org}
}
@proceedings{rsa2004,
  editor    = {Tatsuaki Okamoto},
  title     = {Topics in Cryptology - {CT-RSA} 2004, The Cryptographers' Track at
               the {RSA} Conference 2004, San Francisco, CA, USA, February 23-27,
               2004, Proceedings},
  series    = {Lecture Notes in Computer Science},
  volume    = {2964},
  publisher = {Springer},
  year      = {2004},
  isbn      = {3-540-20996-4},
  timestamp = {Mon, 02 Feb 2004 10:25:55 +0100},
  biburl    = {http://dblp.uni-trier.de/rec/bib/conf/ctrsa/2004},
  bibsource = {dblp computer science bibliography, http://dblp.org}
}
@proceedings{ches2005,
  editor    = {Josyula R. Rao and
               Berk Sunar},
  title     = {Cryptographic Hardware and Embedded Systems - {CHES} 2005, 7th International
               Workshop, Edinburgh, UK, August 29 - September 1, 2005, Proceedings},
  series    = {Lecture Notes in Computer Science},
  volume    = {3659},
  publisher = {Springer},
  year      = {2005},
  isbn      = {3-540-28474-5},
  timestamp = {Wed, 21 Sep 2005 15:43:48 +0200},
  biburl    = {http://dblp.uni-trier.de/rec/bib/conf/ches/2005},
  bibsource = {dblp computer science bibliography, http://dblp.org}
}
@proceedings{ics2005,
  editor    = {Sihan Qing and
               Wenbo Mao and
               Javier Lopez and
               Guilin Wang},
  title     = {Information and Communications Security, 7th International Conference,
               {ICICS} 2005, Beijing, China, December 10-13, 2005, Proceedings},
  series    = {Lecture Notes in Computer Science},
  volume    = {3783},
  publisher = {Springer},
  year      = {2005},
  isbn      = {3-540-30934-9},
  timestamp = {Wed, 07 Dec 2005 14:49:20 +0100},
  biburl    = {http://dblp.uni-trier.de/rec/bib/conf/icics/2005},
  bibsource = {dblp computer science bibliography, http://dblp.org}
}
@proceedings{pkc2006,
  editor    = {Moti Yung and
               Yevgeniy Dodis and
               Aggelos Kiayias and
               Tal Malkin},
  title     = {Public Key Cryptography - {PKC} 2006, 9th International Conference
               on Theory and Practice of Public-Key Cryptography, New York, NY, USA,
               April 24-26, 2006, Proceedings},
  series    = {Lecture Notes in Computer Science},
  volume    = {3958},
  publisher = {Springer},
  year      = {2006},
  isbn      = {3-540-33851-9},
  timestamp = {Thu, 20 Apr 2006 08:44:22 +0200},
  biburl    = {http://dblp.uni-trier.de/rec/bib/conf/pkc/2006},
  bibsource = {dblp computer science bibliography, http://dblp.org}
}
@proceedings{africa2008,
  editor    = {Serge Vaudenay},
  title     = {Progress in Cryptology - {AFRICACRYPT} 2008, First International Conference
               on Cryptology in Africa, Casablanca, Morocco, June 11-14, 2008. Proceedings},
  series    = {Lecture Notes in Computer Science},
  volume    = {5023},
  publisher = {Springer},
  year      = {2008},
  isbn      = {978-3-540-68159-5},
  timestamp = {Mon, 09 Jun 2008 14:14:56 +0200},
  biburl    = {http://dblp.uni-trier.de/rec/bib/conf/africacrypt/2008},
  bibsource = {dblp computer science bibliography, http://dblp.org}
}
@proceedings{sac2008,
  editor    = {Roberto Maria Avanzi and
               Liam Keliher and
               Francesco Sica},
  title     = {Selected Areas in Cryptography, 15th International Workshop, {SAC}
               2008, Sackville, New Brunswick, Canada, August 14-15, Revised Selected
               Papers},
  series    = {Lecture Notes in Computer Science},
  volume    = {5381},
  publisher = {Springer},
  year      = {2009},
  url       = {http://dx.doi.org/10.1007/978-3-642-04159-4},
  doi       = {10.1007/978-3-642-04159-4},
  isbn      = {978-3-642-04158-7},
  timestamp = {Wed, 16 Dec 2009 09:41:13 +0100},
  biburl    = {http://dblp.uni-trier.de/rec/bib/conf/sacrypt/2008},
  bibsource = {dblp computer science bibliography, http://dblp.org}
}
@proceedings{fdtc2008,
  editor    = {Luca Breveglieri and
               Shay Gueron and
               Israel Koren and
               David Naccache and
               Jean{-}Pierre Seifert},
  title     = {Fifth International Workshop on Fault Diagnosis and Tolerance in Cryptography,
               2008, {FDTC} 2008, Washington, DC, USA, 10 August 2008},
  publisher = {{IEEE} Computer Society},
  year      = {2008},
  isbn      = {978-0-7695-3314-8},
  timestamp = {Sun, 19 Apr 2009 16:26:17 +0200},
  biburl    = {http://dblp.uni-trier.de/rec/bib/conf/fdtc/2008},
  bibsource = {dblp computer science bibliography, http://dblp.org}
}
@proceedings{sac2011,
  editor    = {Ali Miri and
               Serge Vaudenay},
  title     = {Selected Areas in Cryptography - 18th International Workshop, {SAC}
               2011, Toronto, ON, Canada, August 11-12, 2011, Revised Selected Papers},
  series    = {Lecture Notes in Computer Science},
  volume    = {7118},
  publisher = {Springer},
  year      = {2012},
  url       = {http://dx.doi.org/10.1007/978-3-642-28496-0},
  doi       = {10.1007/978-3-642-28496-0},
  isbn      = {978-3-642-28495-3},
  timestamp = {Thu, 23 Feb 2012 18:09:42 +0100},
  biburl    = {http://dblp.uni-trier.de/rec/bib/conf/sacrypt/2011},
  bibsource = {dblp computer science bibliography, http://dblp.org}
}
@proceedings{asia2013-1,
  editor    = {Kazue Sako and
               Palash Sarkar},
  title     = {Advances in Cryptology - {ASIACRYPT} 2013 - 19th International Conference
               on the Theory and Application of Cryptology and Information Security,
               Bengaluru, India, December 1-5, 2013, Proceedings, Part {I}},
  series    = {Lecture Notes in Computer Science},
  volume    = {8269},
  publisher = {Springer},
  year      = {2013},
  url       = {http://dx.doi.org/10.1007/978-3-642-42033-7},
  doi       = {10.1007/978-3-642-42033-7},
  isbn      = {978-3-642-42032-0},
  timestamp = {Thu, 12 Dec 2013 14:46:53 +0100},
  biburl    = {http://dblp.uni-trier.de/rec/bib/conf/asiacrypt/2013-1},
  bibsource = {dblp computer science bibliography, http://dblp.org}
}
@proceedings{euro2014,
  editor    = {Phong Q. Nguyen and
               Elisabeth Oswald},
  title     = {Advances in Cryptology - {EUROCRYPT} 2014 - 33rd Annual International
               Conference on the Theory and Applications of Cryptographic Techniques,
               Copenhagen, Denmark, May 11-15, 2014. Proceedings},
  series    = {Lecture Notes in Computer Science},
  volume    = {8441},
  publisher = {Springer},
  year      = {2014},
  url       = {http://dx.doi.org/10.1007/978-3-642-55220-5},
  doi       = {10.1007/978-3-642-55220-5},
  isbn      = {978-3-642-55219-9},
  timestamp = {Fri, 02 May 2014 13:36:39 +0200},
  biburl    = {http://dblp.uni-trier.de/rec/bib/conf/eurocrypt/2014},
  bibsource = {dblp computer science bibliography, http://dblp.org}
}
@proceedings{ches2014,
  editor    = {Lejla Batina and
               Matthew Robshaw},
  title     = {Cryptographic Hardware and Embedded Systems - {CHES} 2014 - 16th International
               Workshop, Busan, South Korea, September 23-26, 2014. Proceedings},
  series    = {Lecture Notes in Computer Science},
  volume    = {8731},
  publisher = {Springer},
  year      = {2014},
  url       = {http://dx.doi.org/10.1007/978-3-662-44709-3},
  doi       = {10.1007/978-3-662-44709-3},
  isbn      = {978-3-662-44708-6},
  timestamp = {Mon, 15 Sep 2014 12:07:25 +0200},
  biburl    = {http://dblp.uni-trier.de/rec/bib/conf/ches/2014},
  bibsource = {dblp computer science bibliography, http://dblp.org}
}
@proceedings{space2014,
  editor    = {Rajat Subhra Chakraborty and
               Vashek Matyas and
               Patrick Schaumont},
  title     = {Security, Privacy, and Applied Cryptography Engineering - 4th International
               Conference, {SPACE} 2014, Pune, India, October 18-22, 2014. Proceedings},
  series    = {Lecture Notes in Computer Science},
  volume    = {8804},
  publisher = {Springer},
  year      = {2014},
  url       = {http://dx.doi.org/10.1007/978-3-319-12060-7},
  doi       = {10.1007/978-3-319-12060-7},
  isbn      = {978-3-319-12059-1},
  timestamp = {Thu, 09 Oct 2014 14:32:51 +0200},
  biburl    = {http://dblp.uni-trier.de/rec/bib/conf/space/2014},
  bibsource = {dblp computer science bibliography, http://dblp.org}
}
@proceedings{indo2014,
  editor    = {Willi Meier and
               Debdeep Mukhopadhyay},
  title     = {Progress in Cryptology - {INDOCRYPT} 2014 - 15th International Conference
               on Cryptology in India, New Delhi, India, December 14-17, 2014, Proceedings},
  series    = {Lecture Notes in Computer Science},
  volume    = {8885},
  publisher = {Springer},
  year      = {2014},
  url       = {http://dx.doi.org/10.1007/978-3-319-13039-2},
  doi       = {10.1007/978-3-319-13039-2},
  isbn      = {978-3-319-13038-5},
  timestamp = {Mon, 03 Nov 2014 13:28:59 +0100},
  biburl    = {http://dblp.uni-trier.de/rec/bib/conf/indocrypt/2014},
  bibsource = {dblp computer science bibliography, http://dblp.org}
}
