@techreport{oscca2010sm2,
  title={{SM2: A group of ECC public key algorithms}},
  author={Chinese Commercial Cryptography Administration Office},
  institution={CCCAO},
  year={2010},
  note={\url{http://www.oscca.gov.cn/News/201012/News_1198.htm}},
}
% also: www.ietf.org/proeedings/87/slides/slides-87-cfrg-2.pdf
@misc{jorf2011ce,
  key={JORF},
  title={{Avis relatif aux paramètres de courbes elliptiques définis par
  l'Etat fran{\c{c}}ais}},
  howpublished={Journal officiel de la R{\'e}publique fran{\c{c}}aise},
  number={30},
  pages={17533},
  year={2011},
  note={JORF n°0241 du 16 octobre 2011 page 17533},
}
@techreport{certicom2010sec2,
  title={{Standards for Efficient Cryptography 2 (SEC 2):
  Recommended Elliptic Curve Domain Parameters}},
  author={Certicom Research},
  year={2010},
  institution={Certicom Corp.},
  note={\url{http://www.secg.org/sec2-v2.pdf}},
}
@techreport{nist2000fips186-2,
  author={National Institute of Standards and Technology},
  year={2000},
  title={{186--2. Digital Signature Standard}},
  institution={NIST},
}
@techreport{ieeep1363,
  title={{Standard specifications for Public Key Cryptography}},
  year={2000},
  author={P1363},
  institution={IEEE},
}
@misc{rfc5639,
  author={Manfred Lochter and Johannes Merkle},
  title={{Elliptic Curve Cryptography (ECC) Brainpool Standard Curves and
  Curve Generation}},
  series={Requests for Comments},
  number={5639},
  howpublished = {RFC 5639 (Informational)},
  publisher={IETF},
  year=2010,
  note={\url{http://www.ietf.org/rfc/rfc5639.txt}},
}
@misc{brainpool2005,
  title={{ECC Brainpool Standard Curves and Curve Generation}},
  year={2005},
  institution={ECC Brainpool},
  note={\url{http://www.ecc-brainpool.org/download/Domain-parameters.pdf}},
}
@techreport{msr2014bcln,
  author={Joppe W. Bos and Craig Costello and Patrick Longa and Michael
  Naehrig},
  title={{Selecting Elliptic Curves for Cryptography: An Efficiency and
  Security Analysis}},
  year={2014},
  comment={\url{http://research.microsoft.com/apps/pubs/default.aspx?id=209303}},
  note={\url{http://research.microsoft.com/en-us/projects/nums/}},
  institution={Microsoft Research},
}
@misc{badass,
  author={Daniel J. Bernstein and Tung Chou and Chitchanok Chuengsatiansup and
          Andreas H{\"u}lsing and Tanja Lange and Ruben Niederhagen and Christine van Vredendaal},
  title={SafeCurves: BADA55 elliptic curves},
  note={\url{http://safecurves.cr.yp.to/bada55.html}},
  year={2014},
  note={\url{http://safecurves.cr.yp.to/bada55.html}. Accessed 10 March 2015.},
}
@misc{safecurves,
  author={Daniel J. Bernstein and Tanja Lange},
  title={SafeCurves: choosing safe curves for elliptic-curve cryptography},
  year={2014},
  note={\url{http://safecurves.cr.yp.to}. Accessed 10 March 2015.},
}
@article{el2002paterson,
  title={{ID-based signatures from pairings on elliptic curves}},
  author={Kenneth G. Paterson},
  journal={Electronic Letters},
  volume={38},
  number={18},
  year={2002},
  pages={1025--1026},
  publisher={IET},
}
@inproceedings{ecc2007silverman,
  author={Joseph H. Silverman},
  title={The Four Faces of Lifting for the Elliptic Curve Discrete Logarithm Problem},
  year={2007},
  booktitle={11th Workshop on Elliptic Curve Cryptography},
  note={\url{http://www.math.brown.edu/~jhs/Presentations/ECC4FacesOfLifts.pdf}},
}
